2940 5026
1199 402 1241 472 41

258 698 288 711 -
327 662 572 734 ἀναποκρίτουο
591 652 699 712 εἰπών
717 658 733 711 ἱ.
751 674 773 712 e.
793 654 842 710 οὖν
858 653 1077 727 ἀποκρινόμενος
1091 655 1156 710 ἀλλὰ
1172 677 1289 730 κατηγο-

187 751 246 822 ρῶν
264 744 359 813 εἰπών,
379 746 510 821 siquidem
540 762 595 798 non
623 744 778 806 lacessitus,
806 760 862 796 nou
886 751 1065 813 provocatus,
1083 744 1155 796 nulla
1173 761 1288 816 respon·
1364 735 1368 743 ’

188 835 270 889 dendi
298 837 461 889 necessitate
488 838 598 884 coactus
627 829 683 882 haec
710 829 783 882 dixit.
826 827 866 880 cf.
884 827 915 889 11,
934 822 960 889 ἀ,
983 828 1011 880 3:
1030 826 1078 895 ἐμὲ
1099 823 1129 880 δὲ
1149 828 1290 900 προσῆκεν

187 915 274 972 οὐδὲν
285 915 349 973 ἀλλο
368 917 388 987 ἢ
407 919 480 989 πρὸς
496 919 548 982 τήν
564 915 721 983 μαρτυρίαν
735 911 784 965 τοῦ
803 909 959 965 ἀκολούθου
977 909 1187 982 ἀπολογηθῆναι
1204 910 1262 966 κτλ.

256 1004 273 1057 2
310 998 387 1057 οὗτοι
411 1002 463 1070 μὲν
489 999 537 1066 οὐχ
564 996 648 1054 ὁσίους
676 995 766 1051 δεῖται
796 994 874 1064 ὑμῶν
903 996 1031 1062 ουχνῶο
1060 999 1111 1064 τήν
1136 994 1289 1068 ἀπολογίαν

187 1083 378 1153 ἀποδέχεσθαι
404 1084 498 1138 αὐτοῦ.
553 1085 607 1137 Pro
636 1081 737 1148 ουχνῶο
766 1082 891 1135 Reiskius
919 1082 988 1152 conj.
1016 1080 1150 1150 εὐμενῶς,
1182 1083 1289 1154 Kayser

186 1173 279 1226 Rbein.
296 1172 367 1224 Mus.
386 1171 449 1232 XII,
468 1170 518 1226 2⁶27
537 1165 630 1223 adroic.
667 1168 723 1222 Sed
743 1168 777 1221 de
797 1166 897 1234 υυχνῶο
916 1167 1031 1221 dubitari
1054 1187 1109 1222 non
1136 1171 1290 1240 oportebat.

185 1257 215 1310 ln
234 1275 268 1310 eo
287 1275 381 1311 omnes
407 1258 490 1310 critici
509 1266 536 1308 et
554 1257 717 1324 interpretes
737 1271 843 1306 errasse
862 1254 923 1306 mihi
943 1253 1074 1317 videntur,
1094 1254 1168 1324 quod
1187 1253 1288 1319 συχνοῖς

186 1342 222 1396 ad
240 1339 435 1408 ἀποδέχεσθαι
450 1342 612 1402 retulerunt3
638 1341 692 1392 imo
721 1355 784 1392 vero
813 1339 848 1391 ad
874 1335 967 1391 δεῖται
989 1341 1113 1409 pertinet.
1149 1338 1289 1409 Significat

186 1427 326 1480 assidue
344 1428 360 1480 i.
380 1446 403 1484 e.
422 1430 499 1482 enixe
517 1429 534 1480 i.
551 1426 669 1480 multum.
706 1424 861 1495 Hyperbata
875 1424 947 1495 apud
962 1425 1151 1496 Antiphontem
1163 1424 1288 1495 frequen·

184 1514 291 1567 tissima
318 1530 395 1578 esse,
425 1531 504 1568 nemo
530 1521 586 1575 est,
605 1510 668 1581 quin
687 1511 763 1565 sciat.
807 1509 931 1562 Ceterum
958 1510 992 1562 cf.
1010 1527 1054 1575 ea,
1071 1527 1130 1580 quae
1149 1510 1183 1564 de
1200 1515 1221 1580 β
1238 1511 1289 1580 §2
1350 1567 1358 1578 ,

185 1599 309 1653 diximus.
448 1608 450 1612 '

257 1685 273 1736 3
310 1682 392 1747 Quod
411 1684 434 1736 si
452 1684 558 1753 planius
577 1691 605 1736 et
624 1681 772 1734 accuratius
802 1680 970 1733 describatur
997 1680 1150 1751 dispositio,
1169 1681 1199 1750 ἐξ
1219 1683 1287 1734 3-5

184 1769 397 1822 confutationem
416 1770 567 1831 continent,
595 1766 627 1837 ἕξ
647 1766 738 1818 6-10
765 1763 995 1836 ἀντικατηγορίαν
1011 1766 1123 1837 ejusque
1151 1767 1290 1820 confirma·

184 1855 295 1908 tionem.
331 1854 371 1907 cf.
391 1853 499 1910 Ernest.
520 1853 608 1906 Lexic.
629 1852 761 1904 Tecbuoi.
781 1850 860 1903 Rbet.
879 1850 927 1904 Gr.
945 1870 971 1921 p.
990 1853 1030 1904 2⁷.
1052 1850 1111 1904 Lat.
1130 1871 1156 1923 p.
1177 1854 1219 1904 76.

255 1938 272 1989 4
309 1936 339 1990 ἐκ
365 1937 415 2004 τῆς
444 1935 583 2008 ἁμαρτίας
613 1935 750 2005 ὁποτέρου
776 1933 866 1987 αὐτῶν
889 1932 963 1987 ἐστιν
980 1937 1036 2000 (int.
1054 1931 1071 2003 ἦ
1092 1933 1227 2009 ἁμαρτία)
1245 1936 1286 1990 ἔτι

183 2040 218 2091 γε
237 2023 310 2088 (nam
339 2024 378 2075 sic
406 2022 559 2093 legendum)
588 2023 759 2090 σαφέστερον
777 2017 793 2072 ὁ
813 2021 912 2089 φονεὺς
939 2017 1091 2091 ἐλεγχθείη,
1110 2022 1125 2073 i.
1149 2040 1172 2074 e.
1196 2040 1229 2074 ex
1252 2041 1286 2076 eo

185 2111 260 2178 ipso,
279 2116 339 2160 uter
358 2125 450 2160 eorum
469 2107 608 2168 erraverit,
627 2107 705 2159 etiam
724 2106 883 2158 luculentius
902 2116 1026 2175 apparet,
1055 2108 1113 2176 quis
1134 2110 1168 2159 sit
1187 2108 1222 2170 is,
1242 2110 1288 2179 qui

183 2193 283 2246 cedem
302 2195 443 2245 commisit.
480 2192 521 2244 ita
535 2190 592 2261 jum
612 2191 754 2262 explicarit
771 2189 914 2244 Dobreeus
934 2191 1050 2244 Advers.
1068 2191 1089 2255 Ι,
1110 2191 1167 2246 169.
1194 2192 1285 2247 Locus

183 2278 372 2332 emendatione
390 2296 446 2330 non
464 2288 534 2348 eget.

253 2365 269 2415 5
304 2361 365 2414 rori
388 2359 502 2431 χώρου
522 2357 730 2432 διαμαρτών
749 2358 784 2413 ἰν
801 2354 824 2427 qi
843 2356 1039 2431 διατρέρυυν
1056 2360 1115 2415 οὖα
1133 2361 1172 2417 ἀν
1190 2362 1287 2433 ἕπλὴι

182 2465 222 2517 γη
243 2449 259 2500 ἰ.
279 2463 301 2499 e.
320 2446 405 2499 abeo
426 2447 502 2508 loco,
521 2447 547 2498 in
567 2464 621 2517 quo
640 2448 664 2499 si
682 2448 857 2501 discurrisset
874 2448 953 2511 (uitia
973 2465 1051 2518 quem
1065 2450 1154 2502 sinon
1174 2451 1287 2517 ivisset),

180 2531 273 2600 jaculo
302 2546 357 2584 non
386 2541 531 2602 peteretur,
559 2532 698 2585 aberravit.
744 2532 870 2586 Reisiiius
898 2532 932 2585 ad
951 2533 975 2585 b.
994 2533 1010 2585 Ι.
1029 2541 1057 2586 et
1075 2533 1216 2587 Dobreens
1235 2536 1253 2588 l.
1270 2536 1288 2588 i.

182 2613 282 2684 κρόνου
301 2634 350 2688 pro
369 2613 461 2685 χώρου
481 2616 628 2680 malebant,
652 2634 756 2688 eosque
776 2619 861 2671 secuti
880 2628 943 2670 sunt
962 2617 1068 2672 Turicc.
1087 2628 1117 2671 et
1132 2619 1174 2674 cd.
1195 2619 1286 2672 Didot.

185 2701 271 2764 Paris,
307 2702 379 2769 (Car.
398 2703 521 2766 Mueller)
541 2703 616 2755 1847.
651 2701 714 2755 Non
734 2715 816 2757 recte.
860 2703 956 2774 Neque
983 2706 1053 2758 euim
1077 2705 1101 2757 b.
1126 2705 1143 2757 1.
1165 2704 1199 2757 de
1218 2713 1286 2758 tcm-

185 2803 253 2858 pore
271 2786 322 2840 scd
340 2786 375 2841 de
392 2789 455 2841 ioco
468 2789 566 2840 mentio
586 2796 630 2841 est
675 2787 776 2841 Verum
795 2800 846 2852 est,
864 2809 881 2858 y
899 2789 912 2858 §
933 2791 948 2841 6
967 2789 1002 2850 dc
1021 2799 1142 2861 tempore
1162 2792 1217 2862 agi,
1236 2790 1285 2844 sed

186 2871 450 2925 animadvertendum
469 2884 523 2933 est,
541 2874 577 2924 ita
596 2891 611 2924 e
630 2889 676 2924 reo
696 2873 851 2944 discrepare
870 2888 1003 2937 actorem,
1022 2883 1064 2937 ut,
1084 2894 1164 2946 quum
1186 2877 1218 2928 ad
1233 2878 1286 2940 loci

186 2957 387 3010 excusationem
407 2957 450 3010 ille
469 2957 632 3027 confugerit,
650 2958 708 3026 ipse
727 2960 856 3028 temporis
875 2961 1058 3012 causationem
1077 2960 1204 3030 proferat.

256 3039 273 3093 6
311 3037 347 3095 ὧν
366 3037 397 3093 δὲ
416 3037 480 3094 οὐδὲ
499 3039 548 3107 τῆς
570 3038 708 3111 ἁμαρτίας
732 3037 866 3094 οὐδὲτοῦ
892 3041 1026 3097 ἀκουσίως
1055 3041 1229 3106 ἀποκτεῖναι,
1258 2986 1307 3107 s'?

188 3118 227 3177 ἀν
244 3122 323 3178 αὐτοὶ
343 3122 479 3197 λέγουοιν,
504 3122 668 3187 ἀπολύεται,
700 3122 768 3176 ἀλλὰ
797 3129 876 3179 κοινὰ
902 3125 1049 3199 ἀμφότερα
1069 3127 1156 3180 ταῦτα
1180 3126 1288 3197 ἀμφοῖν

187 3207 283 3263 αὐτοῖν
301 3206 368 3271 ἔστι,
389 3205 515 3276 δηλώσω.
553 3211 599 3263 Sic
621 3209 800 3273 Turiceuses‚
826 3212 906 3284 idque
933 3231 992 3266 mea
1020 3213 1125 3284 quidem
1153 3215 1287 3267 sententia

187 3305 269 3348 recte.
313 3295 368 3348 Pro
395 3297 547 3366 posteriore
566 3291 631 3347 οὐδέ
653 3294 739 3349 Codd.
757 3293 854 3351 τοῦδετ
879 3295 944 3352 οὐδέ
967 3301 1088 3352 certatim
1116 3302 1288 3373 conjecerunt

188 3380 317 3433 Moetzner
335 3389 363 3432 et
381 3380 532 3450 Sauppius‚
563 3380 687 3452 idemque
711 3381 768 3452 jam
795 3383 919 3437 Reiskius
939 3388 1127 3456 suspicabatur
1145 3387 1287 3458 legendum

189 3481 260 3517 esse.
296 3465 350 3517 Pro
369 3463 428 3526 τοῦ,
450 3465 522 3535 quod
551 3466 652 3537 Saupp.
680 3469 806 3540 conjecit,
825 3471 887 3542 vulg
911 3469 960 3536 τῷ.
997 3472 1118 3543 Sauppio
1139 3471 1287 3541 adstipula-

189 3561 232 3603 tur
250 3551 385 3604 Mactzneri
404 3550 465 3606 cod.
483 3551 509 3602 N
527 3551 713 3613 (oxoniensis)
757 3554 863 3626 Kayser
882 3555 974 3608 Rhcin.
995 3557 1064 3610 Mus.
1083 3557 1145 3614 XII.
1163 3557 1214 3607 230
1235 3557 1286 3606 sic:

189 3631 227 3689 ais
245 3629 275 3686 δὲ
301 3632 366 3687 οὐδὲ
394 3634 444 3699 τῆς
466 3631 604 3704 ἁμαρτίας
629 3632 762 3689 decios
780 3640 824 3704 τῷ
847 3637 980 3694 ἀκουσίων
997 3638 1053 3693 κτλ.
1074 3641 1135 3692 ”mit
1152 3635 1234 3691 τοῦἀε
1252 3641 1288 3692 ist

184 3719 214 3786 ja
235 3718 283 3769 der
300 3718 387 3770 Vater
414 3719 463 3770 des
491 3719 632 3790 Jimgiings
661 3739 692 3772 so
720 3723 788 3773 eben
816 3724 972 3775 bezeichnet
990 3725 1113 3786 worden;
1141 3722 1205 3776 οὐδὲ
1225 3726 1288 3777 aber

190 3801 296 3854 beziebt
316 3802 372 3853 sich
394 3803 441 3854 auf
456 3802 500 3855 die
517 3803 622 3856 brihere
650 3805 801 3858 Deductiou
822 3806 870 3859 des
891 3807 1013 3878 Gegners
1032 3809 1046 3877 ᾗ
1066 3809 1082 3860 9
1101 3806 1214 3878 φάσκων
1230 3805 1286 3860 κτλ.

191 3917 204 3927 -
225 3917 237 3927 -
256 3886 335 3956 ·Die
354 3886 489 3958 Negatiou
508 3890 543 3940 ist
564 3917 575 3929 ·
595 3919 607 3928 ·
626 3907 674 3959 per
700 3892 867 3960 hyperbaton
895 3893 942 3945 mit
960 3890 975 3945 ἀ
992 3890 1074 3947 τοῦδε
1091 3914 1123 3947 zu
1142 3894 1287 3948 verbinden

191 4001 203 4012 -
222 4000 233 4012 -
253 3967 317 4023 οὐδὲ
337 3969 400 4024 roi
419 3968 556 4027 ἀκουσίως
572 4003 583 4014 -
602 4004 615 4015 -
638 3975 742 4028 scheiut
768 4007 779 4017 ·
799 4007 810 4017 -
839 3979 896 4031 sich
923 3997 975 4033 von
1002 3981 1050 4033 der
1077 3981 1208 4033 intention
1238 3981 1286 4032 des

191 4055 341 4126 Sprechers
360 4076 392 4110 zu
411 4057 562 4112 entfemen:
582 4059 652 4114 denn
672 4061 721 4114 das
740 4059 875 4118 ἀκουσίως
893 4061 1054 4118 ἀποκτεῖναι
1073 4067 1108 4118 ist
1127 4065 1214 4116 seiltst
1226 4082 1286 4117 rom

191 4141 301 4213 Gcguer
327 4144 511 4213 zugestandcn
529 4176 541 4186 ·
560 4145 589 4187 ·’'
625 4146 685 4200 Hoc
713 4149 800 4203 minus
828 4150 1006 4206 considerate.
1043 4149 1123 4214 Quod
1147 4149 1180 4201 ad
1200 4145 1287 4221 ἀμορ-
