2940 5026
1205 419 1251 483 79·

230 586 259 672 e)
283 585 451 671 quomodo
485 585 703 653 Athenienses
715 588 753 650 ⁸⁰.
777 586 796 672 h
819 585 957 651 2-1-23.
979 585 1016 650 ἐκ
1042 587 1102 651 τοῦ
1128 587 1288 654 ἐναντίου.

233 690 262 753 3.
286 689 336 753 De
360 689 557 773 Argivorum
581 688 766 772 postulatis.

231 790 265 876 a)
289 788 410 868 Quanti
446 791 597 852 momenti
637 790 894 855 Atheniensibus
927 789 1108 854 Corinthus
1142 791 1184 854 sit
1196 790 1231 852 ⁸¹.
1268 790 1289 876 h

255 889 392 954 24-26.
414 889 564 954 δυνατόν.

233 992 264 1077 b)
288 992 357 1056 Sibi
394 993 476 1076 ipsae
513 1002 698 1079 repugnant
733 993 878 1056 rationes
915 992 1114 1077 Argivorum
1125 992 1161 1055 ⁸².
1194 991 1290 1078 527.

255 1095 391 1157 δίκαιον.

236 1197 264 1257 4.
290 1194 339 1257 De
363 1193 495 1258 duobus
519 1195 656 1259 alterum
681 1193 867 1280 eligendum
890 1207 956 1270 est,
979 1203 1037 1258 aut
1059 1204 1174 1258 eontra
1188 1194 1291 1260 Laee-

255 1296 436 1360 daemonios
472 1297 571 1359 sociis
605 1297 737 1381 Argivis
760 1297 882 1361 bellum
905 1318 1020 1382 gerere
1041 1306 1100 1361 aut
1122 1317 1187 1360 una
1216 1318 1290 1361 oum

253 1396 399 1459 Boeotiis
434 1417 545 1479 paoem
581 1395 696 1460 faeere.
752 1397 841 1473 Vos,
875 1399 1108 1472 Athenienses,
1143 1399 1288 1463 deterius

255 1498 348 1581 sequi
374 1496 603 1560 consuevistis.
628 1497 648 1582 5
671 1498 720 1563 28.

233 1601 266 1687 a)
290 1598 468 1678 Quomodo
492 1620 564 1664 oum
587 1599 677 1685 Rege
689 1600 864 1664 Persarum
877 1603 1003 1688 egerint
1014 1601 1234 1666 Athenienses
1248 1638 1289 1649 —

231 1805 263 1890 d)
286 1824 360 1867 eum
382 1801 603 1888 Syracusanis
631 1841 664 1852 -
691 1802 711 1887 §
734 1804 776 1868 30
801 1840 841 1854 -

234 1906 264 1992 e)
287 1926 360 1968 eum
384 1905 524 1988 Argivis.
548 1902 567 1988 δ
592 1905 641 1968 31.
664 1905 921 1989 παραδείγματα.

236 2007 271 2092 ιί)
294 2005 499 2085 παλιλίυγία.
522 2005 805 2092 ἐνθυμηματυῖδης
825 2005 969 2094 redemti.
993 2005 1013 2091 ς
1041 2005 1091 2070 32.

188 2106 357 2178 Insunt,
392 2109 447 2190 qui
482 2109 591 2172 statim
626 2129 739 2192 paoem
776 2108 845 2171 fieri
870 2108 1047 2193 postulent.
1093 2109 1165 2174 Nos
1189 2109 1287 2194 legati

255 2207 532 2291 reprehendimur.
558 2210 678 2294 quibus
702 2231 775 2273 cum
799 2209 1057 2274 Lacedaemoniis
1083 2210 1124 2273 de
1147 2209 1289 2294 quadra·

254 2309 345 2394 ginta
368 2308 485 2374 diebus
501 2309 545 2374 ad
563 2332 674 2394 paoem
693 2310 936 2375 deliberandam
953 2312 1142 2375 convenerit
1153 2311 1189 2375 ⁸².
1206 2310 1290 2396 533.

233 2410 268 2495 a)
292 2411 416 2475 Horum
440 2411 583 2474 rationes
608 2434 672 2474 non
697 2412 812 2494 probo.
836 2411 855 2496 §
879 2411 929 2477 34.
951 2411 1032 2489 δόξα
1053 2413 1114 2475 τοῦ
1127 2411 1288 2492 λέγοντος.

233 2512 265 2597 b)
288 2512 364 2576 Non
388 2531 429 2575 ex
452 2521 566 2574 nostra
589 2512 784 2575 auctoritate
806 2513 915 2577 solum
938 2514 1101 2598 agendum
1125 2525 1205 2587 erat,
1227 2513 1288 2577 sed

252 2610 529 2676 considerandum
552 2613 664 2687 etiam,
688 2613 768 2697 quid
792 2615 911 2678 vestris
929 2616 1075 2679 moribus
1087 2615 1290 2678 conveniret.

251 2713 270 2798 ς
294 2713 344 2777 35.
367 2712 459 2785 ιυος.

186 2834 385 2846 ..ιη’-

256 2879 290 2934 80
326 2879 392 2945 §22
409 2885 455 2933 καί
465 2879 575 2935 Κόνωνι
593 2887 644 2952 τὴν
661 2885 857 2951 ναυμαχίαν
873 2882 1091 2951 παρεσκεύασαν.
1130 2885 1289 2938 Verisimilia

186 2966 302 3039 Emperii
321 2967 475 3036 conjectura
493 2986 520 3038 p.
539 2967 590 3019 213
607 2969 800 3038 ναυαρχίαν
818 2985 867 3038 pro
886 2969 1047 3034 ναυμαχίαν,
1068 2970 1117 3021 nisi
1136 2969 1206 3022 sorte
1219 2971 1287 3023 veri·

186 3053 296 3106 similius
320 3053 543 3121 ναυκρατίαν.
578 3053 617 3106 ct.
644 3053 722 3105 Pbot.
742 3050 807 3104 Lex·
825 3050 885 3103 211.
916 3054 1107 3123 Νανκρανίαν·
1124 3048 1288 3124 Ἀνδοκίδης

188 3133 425 3208 Συμβουίευτικιχῖ.

254 3220 287 3273 81
325 3219 395 3286 §26
412 3222 452 3288 μὴ
471 3218 653 3290 βοηθούντων
668 3221 720 3288 μὲν
738 3211 785 3274 οὖν
812 3217 888 3287 ὑμῶν
913 3217 976 3275 υδδί
1003 3218 1083 3292 λόγος
1109 3218 1288 3276 ὑπολείπεται

183 3308 221 3373 μή
242 3303 290 3358 οάκ
308 3301 414 3359 ἀδικεῖν
429 3302 571 3376 Ἀργείους
588 3311 634 3358 καί
652 3305 746 3359 ποιεῖν
763 3302 863 3359 ὁποῖον
885 3302 918 3357 ἀν
940 3325 968 3359 τι
988 3303 1142 3376 βούλωνται
1161 3303 1285 3362 δικαίως.

185 3391 292 3444 Siniter.
316 3409 342 3460 p.
362 3391 413 3443 140
434 3391 473 3457 μή
497 3385 545 3442 οὐκ
569 3385 684 3452 ἀδικεῖν,
717 3395 774 3442 καί
800 3392 918 3444 ποιεῖν
941 3387 1137 3462 Ἀργείους,
1166 3392 1285 3445 faciliore

184 3478 330 3529 mutatione
359 3477 459 3529 Baiter:
486 3472 602 3538 ἀδικεῖν,
628 3481 674 3528 καί
690 3473 848 3548 Ἀργείους,
872 3477 992 3530 nimirum
1024 3479 1086 3548 quie
1115 3495 1147 3530 ex
1177 3468 1311 3547 objecto⁸

181 3558 323 3632 Ἀργείους
342 3563 492 3633 subjeetum
511 3559 609 3616 αι’ποίς
628 3561 661 3613 ad
679 3561 774 3612 ποιεῖν
794 3561 903 3632 inteiligi
931 3581 984 3616 uon
1013 3563 1111 3633 possit.
1159 3563 1193 3614 At
1220 3579 1285 3614 eon-

185 3649 278 3700 aimilia
306 3648 434 3717 loquendi
461 3648 632 3700 consuetudo
660 3645 727 3715 §34
745 3645 831 3698 καίτοι
849 3641 880 3697 δί
899 3641 961 3698 atvs
987 3644 1087 3699 λαθεῖν
1104 3640 1166 3697 οῖτε
1184 3643 1288 3709 ἐξαπα-

182 3731 266 3797 τῆσαι
284 3726 352 3791 δεῖν,
371 3727 438 3783 ἀλλὰ
455 3730 525 3784 troii
542 3728 646 3798 μᾶλλον
664 3728 788 3782 ἐπαινεῖν
804 3724 824 3795 ἤ
839 3731 945 3798 ψέγειν,
967 3724 994 3782 εἰ
1009 3731 1186 3797 πεμφθέντες
1205 3728 1263 3782 κτλ.

254 3815 289 3868 82
325 3815 339 3883 5
359 3817 392 3866 27
409 3820 456 3866 καί
466 3817 537 3883 μετὰ
550 3815 603 3883 μίν
613 3812 726 3866 πάντων
737 3810 792 3865 σοῖν
807 3810 958 3879 συμμάχων
968 3815 1020 3880 κήν
1036 3808 1150 3885 εἰρήνην
1165 3832 1288 3867 ποιου·

181 3901 303 3966 etum
331 3896 379 3952 οδκ
398 3897 481 3952 εὐῖοιν
507 3897 581 3968 ἡμᾶς
599 3893 680 3952 οδδίν
697 3894 836 3951 νεικείειν
852 3893 1101 3964 Λακεδαιμονίοις.
1137 3899 1210 3952 Fert.
1231 3900 1283 3970 leg.

181 3980 407 4050 ποιοδμινοι.

250 4068 286 4120 83
321 4069 392 4134 §33
421 4065 628 4140 αι’ποιιράτορας
653 4068 705 4138 γδρ
735 4066 904 4136 πεμφθῆναι
932 4060 972 4122 εἰς
990 4064 1194 4136 Λακεδαίμων
1224 4064 1284 4121 διδ

179 4150 315 4220 κοίτην,
328 4151 375 4207 ’ίνα
387 4151 443 4208 καί.
465 4153 554 4207 Reisk.
564 4162 591 4207 et
601 4152 707 4206 Turiec.
718 4170 768 4224 pro
783 4150 908 4221 ταῖκην
924 4170 977 4206 scr.
994 4148 1102 4205 παῖδ’.
1121 4152 1218 4216 Recte,
1230 4155 1282 4209 niti

180 4236 253 4307 quod
272 4237 342 4291 torte
353 4238 433 4293 litere
452 4244 486 4305 ῆν
504 4239 661 4310 significant,
679 4235 833 4311 postesse*
852 4239 962 4294 altarem
976 4254 1069 4294 vocem
1088 4231 1177 4305 ἡμᾶς
1192 4238 1284 4293 latera.
