2940 5026
320 361 360 423 to

332 531 412 594 eatis
451 535 483 590 et
516 527 596 590 meis
621 527 759 591 salutern
790 528 936 592 afferrem
961 539 993 592 et
1014 528 1286 612 tranquillitatem
1309 526 1371 594 rei-

332 627 521 714 pubiioae⁸².
545 627 564 712 §
589 629 715 692 51-53

311 730 573 809 δικαιολογία
591 771 627 782 -

333 832 420 912 Quid
455 830 617 896 facerem?
653 832 821 896 Dioolides
857 833 1010 896 mentitus
1035 841 1095 895 est.
1139 831 1213 916 Ego
1238 839 1271 894 et
1294 852 1370 915 pro-

334 935 446 1019 pinqui
482 934 542 995 mei
575 934 735 998 immerito
769 936 912 997 accusati
950 955 1087 996 eramus.
1141 932 1239 996 Salus
1263 933 1371 1015 reipu-

333 1036 430 1100 blioae
454 1035 619 1118 agebatur.
667 1035 750 1114 Quae
774 1058 836 1120 ego
860 1035 966 1098 omnia
991 1049 1133 1118 quatuor
1150 1033 1370 1097 dernumoon-

335 1137 412 1200 sciis
437 1135 555 1198 delatis
580 1157 696 1199 sanare
721 1135 917 1220 poternm⁰³.
940 1135 960 1220 §
984 1136 1120 1199 tut-60.
1144 1133 1328 1219 συγγνώμη.

314 1234 545 1316 ἀπαγγελία.

316 1343 348 1426 ο)
373 1337 550 1418 Quomodo
573 1339 645 1422 ipse
670 1338 710 1402 de
734 1361 769 1402 re
792 1338 912 1402 certior
934 1335 1041 1401 fantus
1065 1337 1116 1410 sit,
1131 1345 1241 1399 narrat
1256 1331 1369 1398 Ando-

337 1437 479 1503 cidestt
503 1439 521 1520 ξ
544 1439 680 1503 61-64,

316 1541 348 1629 δ)
374 1540 543 1603 Dioclides
573 1541 732 1605 mendacii
757 1539 948 1603 manifestus
972 1539 1078 1604 faetus
1103 1537 1272 1602 calumniae
1296 1557 1374 1620 poe-

338 1664 412 1706 nam
437 1641 536 1704 dedit.
561 1640 580 1726 §
604 1642 739 1706 65-66.

315 1742 574 1821 δικαιολογία
595 1780 628 1790 -

337 1848 435 1918 ἔλεος.
458 1842 603 1929 αὔξησις.
627 1845 758 1908 tostinrn
784 1844 1019 1928 provocatio⁶⁵.
1043 1843 1062 1929 §
1086 1843 1221 1906 67-69,

277 1951 475 1966 *ιιι-1.·-

343 1985 377 2035 62
414 1981 480 2050 ξολ
500 1974 546 2032 otte
561 1973 633 2033 εἰκός
651 1970 686 2044 ἦν
704 1977 834 2032 ἀπόντων
849 1977 968 2046 μάλιστα
986 1974 1078 2032 δοκεῖν
1106 1975 1177 2030 εἶναι
1194 1974 1301 2030 τούτων
1320 1975 1377 2028 τῶν

274 2063 384 2139 ἀνδρῶν
397 2064 443 2119 σός
455 2059 570 2129 ἐμήνυσε
583 2059 754 2132 Διοκλείδης,
776 2063 897 2133 φίλους
916 2061 1017 2118 ὄντας
1035 2064 1091 2116 τῶν
1108 2059 1293 2116 ἀπολωλότων
1304 2057 1372 2128 ήδη.

273 2153 398 2220 Hirscirig
424 2149 556 2219 Plriiolog.
575 2149 609 2210 V,
630 2151 680 2200 319
700 2147 796 2218 φίλους
813 2149 834 2220 γ’
854 2147 934 2204 ὄντας
956 2151 1005 2219 legi
1022 2149 1115 2217 jubet,
1142 2148 1215 2219 quod
1245 2166 1298 2218 quo
1313 2145 1376 2215 jure

274 2238 380 2295 fecerit,
400 2252 453 2286 non
473 2234 561 2302 liquet.
604 2235 702 2286 Sirniiis
726 2237 855 2304 participii
876 2253 941 2286 usus
961 2233 975 2302 §
995 2235 1028 2284 95
1053 2229 1067 2283 ό
1095 2231 1270 2299 μνησικακῶν
1295 2227 1377 2285 αύτδς

277 2318 359 2384 αύτῷ.
395 2319 409 2386 §
430 2318 463 2368 99
482 2315 530 2368 οὐκ
553 2313 630 2378 ἀξισς
650 2313 696 2368 ῶν.
734 2319 899 2370 Sententiam
919 2320 1009 2370 turbat
1032 2319 1161 2387 particula
1178 2336 1208 2386 γε
1228 2316 1341 2384 adjecta.

348 2405 381 2455 63
417 2402 488 2467 §59
511 2401 567 2451 τῶν
595 2398 619 2453 δ’
639 2397 727 2454 ἄλλων
750 2399 781 2454 σί
795 2399 889 2456 λοιποὶ
906 2401 1047 2475 πρότερον
1063 2399 1116 2454 ύπδ
1140 2399 1260 2473 Τεύκρου
1280 2396 1377 2468 ἐμηνύ·

280 2491 388 2556 θησαν·
413 2481 474 2538 ούτε
496 2482 586 2552 δήπου
606 2481 636 2538 οἰ
651 2485 802 2540 τεθνεῶτες
821 2482 855 2538 δι’
875 2485 922 2552 ἐμὲ
945 2485 1049 2555 μᾶλλον
1067 2485 1218 2539 ἐτέθνασαν
1235 2483 1291 2538 κτλ.
1322 2485 1379 2538 Ve-

280 2575 390 2628 risimile
409 2585 459 2635 est,
478 2573 529 2642 legi
555 2584 692 2642 oportere:
712 2603 723 2613 ·
744 2601 753 2611 -
773 2567 804 2623 οἰ
827 2569 936 2634 λοιπολ,
964 2572 995 2624 οἳ
1011 2569 1152 2641 πρότερον
1176 2569 1229 2623 ύπδ
1257 2568 1378 2641 Τεύκρου

278 2656 471 2726 ἐμηνύθησαν,
498 2652 560 2708 ούτε
589 2653 644 2708 κτλ.
693 2657 834 2710 Dobreeus
863 2670 889 2710 et
916 2657 1080 2709 Turioenses
1101 2651 1200 2708 τῶνδ’
1220 2651 1323 2716 ἀλλων,
1351 2653 1381 2706 οἳ

279 2744 453 2811 scripserunt.
490 2740 613 2794 Petet-nm
636 2743 661 2794 in
686 2741 716 2811 ἐξ
735 2743 839 2794 58-59
866 2743 904 2794 εἰσ
932 2744 1001 2794 inter
1028 2742 1147 2811 singutas
1177 2743 1378 2794 etruneintiones

279 2826 495 2897 distinguendum
516 2826 630 2878 videtur:
650 2857 660 2866 -
685 2858 696 2868 -
722 2823 758 2881 ῶς
782 2828 874 2897 ἕτερον
898 2825 1039 2896 ἥμαρτον·
1062 2821 1224 2891 Διοκλείδης
1250 2826 1302 2892 μὲν
1326 2827 1379 2894 γὰρ

278 2941 289 2955 -
307 2941 319 2954 -
337 2905 423 2963 εἰπών
441 2906 503 2978 ύμῖν
521 2908 539 2963 ἀ
556 2907 674 2978 ήκουσα·
703 2911 744 2964 ἐτι
772 2908 801 2964 δὲ
819 2915 994 2982 τριακοσίους
1013 2941 1025 2954 ·
1041 2941 1053 2954 ·
1071 2909 1100 2963 ἐν
1117 2912 1211 2964 κακοῖς
1229 2911 1288 2963 τοῖς
1305 2910 1381 2978 μεγί·

281 3013 356 3049 στοις
374 2993 507 3065 ἐγίγνετο·
526 2996 612 3048 ταῦτα
629 2997 681 3064 μὲν
699 2989 746 3049 ούν
761 2990 795 3063 ἦν
811 3027 823 3040 -
839 3027 851 3040 ·
868 2996 959 3048 κακῶν
974 2996 1030 3049 τῶν
1045 2998 1180 3066 μεγίστοιν
1198 2991 1380 3061 ἀπήλλαττον·

281 3076 400 3150 φυγάδες
421 3075 451 3131 δὲ
481 3108 494 3121 ·
509 3109 520 3122 -
548 3077 652 3147 μᾶλλον
678 3081 807 3150 ἔφευγον·
835 3081 921 3133 ταῦτα
949 3077 978 3133 δὲ
1008 3079 1099 3132 πάντα
1117 3078 1228 3132 σκοπῶν
1244 3075 1301 3130 κτλ.
1339 3077 1380 3130 (Ὺ.

281 3167 371 3218 Reisk.
392 3164 425 3216 ad
446 3165 459 3232 ξ
480 3162 514 3215 58
532 3165 586 3217 init.

352 3252 385 3300 ot
421 3253 439 3315 §
459 3250 489 3298 61
503 3278 514 3288 -
525 3279 536 3289 -
547 3255 592 3300 καλ
608 3247 736 3319 ἐξήλεγξα
747 3253 781 3300 τὰ
794 3247 936 3319 γενόμενα,
951 3248 995 3302 ότι
1010 3244 1173 3320 εἰσηγήσατο
1183 3247 1234 3315 μέν
1244 3245 1381 3300 πινόντων

280 3331 360 3402 ήμῶν
377 3331 479 3400 ταύτην
495 3333 546 3398 τήν
565 3329 666 3399 βουλήν
682 3335 812 3402 γενέσθαι
829 3331 994 3401 Εὐφίλητος.
1034 3335 1067 3385 V.
1091 3334 1221 3403 γενέσθαι
1239 3334 1314 3384 uncie
1341 3333 1381 3384 in·

282 3419 360 3471 clusit
371 3435 429 3468 curn
441 3418 561 3470 Bekkero
577 3417 696 3477 Schisser,
717 3417 851 3485 ejecerunt
872 3419 977 3470 'l‘urire
1014 3419 1107 3472 Possit
1125 3419 1239 3471 forsitan
1252 3418 1382 3486 γενέσθαι

282 3504 394 3556 retineri.
423 3500 504 3565 Quod
521 3503 542 3554 si
563 3503 697 3562 retinetur,
718 3504 837 3554 similiter
856 3522 888 3554 ex
908 3497 1072 3573 εἰσηγήσατο
1093 3517 1182 3573 aptnrn
1203 3520 1266 3555 ense
1285 3513 1381 3571 putan-

283 3589 345 3642 dum
374 3596 416 3639 est
445 3601 524 3658 atque
551 3587 568 3651 ἕ
598 3587 631 3639 19
650 3583 757 3639 ἀδικεῖν
783 3606 815 3640 ex
843 3586 1032 3658 καταγνόντες.
1067 3588 1106 3642 Cf.
1131 3587 1220 3640 Klotz.
1238 3585 1272 3638 N.
1289 3586 1382 3640 Jahrb.

283 3673 453 3736 1835111111,
474 3677 533 3744 ip
561 3672 612 3724 384
633 3690 673 3743 sq.
1086 3678 1088 3682 ⁴

353 3760 387 3813 65
424 3760 437 3826 ᾖ
458 3759 491 3810 69
509 3762 554 3810 καλ
573 3756 646 3810 ταῦτ’
674 3752 702 3811 εἰ
726 3756 819 3826 ἀληθῆ
844 3755 928 3829 λέγω,
957 3746 1112 3830 ῶάνδρες,
1130 3755 1381 3827 ἀναμιμνήσκεσθε,

282 3849 329 3897 καὶ
347 3839 384 3896 οἰ
400 3838 536 3897 ἰδόντες
556 3837 699 3895 διδάσκετε
719 3846 783 3897 τοὶς
804 3839 909 3896 ἀλλους.
947 3842 1083 3898 Reiskiurn
1103 3845 1188 3899 secuti
1207 3861 1258 3915 pro
1277 3837 1386 3898 ἰδόντες

284 3923 421 3982 εἰδότες
441 3927 519 3978 scribi
548 3928 640 3979 volunt
667 3938 695 3980 et
723 3927 828 3980 Tot-icc.
852 3937 878 3980 et
906 3927 1038 4001 Hirsehig.
1057 3928 1152 3983 Phiioi.
1170 3928 1206 3992 V.
1225 3929 1284 3983 319.
1305 3928 1383 3982 Mate.

288 4008 326 4066 Οί
341 4007 446 4065 ἰδόντες
465 4013 533 4064 enirn
553 4020 616 4062 sunt
639 4012 669 4074 ii,
693 4013 737 4082 qni
762 4014 864 4082 experti
885 4020 1016 4066 noverunt
1034 4031 1080 4074 ea,
1099 4031 1157 4084 qne
1175 4012 1247 4066 fecte
1264 4021 1343 4075 sunt,v
1355 4007 1387 4066 οἰ
1431 4007 1432 4010 '

286 4092 392 4152 εἰδότες
412 4110 512 4160 autem,
532 4098 576 4166 qtti
586 4108 730 4159 noverunt,
750 4115 802 4150 non
813 4099 864 4168 ipsi
875 4096 1004 4158 viderunt,
1025 4115 1064 4158 ee,
1083 4115 1142 4168 qun
1153 4097 1224 4150 stete
1234 4097 1300 4158 sint,
1313 4096 1386 4150 fecte
