<?xml version="1.0" encoding="UTF-8"?>
<!DOCTYPE html PUBLIC "-//W3C//DTD XHTML 1.0 Transitional//EN"
    "http://www.w3.org/TR/xhtml1/DTD/xhtml1-transitional.dtd">
<html xmlns="http://www.w3.org/1999/xhtml" xml:lang="en" lang="en">
 <head>
  <title>
</title>
<meta http-equiv="Content-Type" content="text/html;charset=utf-8" />
  <meta name='ocr-system' content='tesseract 3.04.00' />
  <meta name='ocr-capabilities' content='ocr_page ocr_carea ocr_par ocr_line ocrx_word'/>
</head>
<body>
  <div class='ocr_page' id='page_1' title='image "./dererumdisposit00lindgoog_0067.png"; bbox 0 0 2940 5026; ppageno 0'>
   <div class='ocr_carea' id='block_1_1' title="bbox 318 378 362 444">
    <p class='ocr_par' dir='ltr' id='par_1_1' title="bbox 318 378 362 444">
     <span class='ocr_line' id='line_1_1' title="bbox 318 378 362 444; baseline 0 0"><span class='ocrx_word' id='word_1_1' title='bbox 318 378 362 444; x_wconf 75' lang='lat'><strong><em>58</em></strong></span> 
     </span>
    </p>
   </div>
   <div class='ocr_carea' id='block_1_2' title="bbox 272 547 1370 1550">
    <p class='ocr_par' dir='ltr' id='par_1_2' title="bbox 316 547 1370 839">
     <span class='ocr_line' id='line_1_2' title="bbox 316 547 1370 636; baseline 0.001 -21"><span class='ocrx_word' id='word_1_2' title='bbox 316 553 343 633; x_wconf 84' lang='lat'><strong><em>²)</em></strong></span> <span class='ocrx_word' id='word_1_3' title='bbox 367 549 458 636; x_wconf 88' lang='lat' dir='ltr'>quod</span> <span class='ocrx_word' id='word_1_4' title='bbox 492 549 519 612; x_wconf 82' lang='lat' dir='ltr'><strong><em>ei</em></strong></span> <span class='ocrx_word' id='word_1_5' title='bbox 553 570 619 613; x_wconf 89' lang='lat' dir='ltr'><strong><em>non</em></strong></span> <span class='ocrx_word' id='word_1_6' title='bbox 652 549 698 614; x_wconf 85' lang='lat' dir='ltr'><strong><em>ita</em></strong></span> <span class='ocrx_word' id='word_1_7' title='bbox 722 548 855 626; x_wconf 84' lang='lat' dir='ltr'>fuisset,</span> <span class='ocrx_word' id='word_1_8' title='bbox 878 547 943 613; x_wconf 88' lang='lat' dir='ltr'><strong><em>hoo</em></strong></span> <span class='ocrx_word' id='word_1_9' title='bbox 966 572 1026 636; x_wconf 92' lang='lat' dir='ltr'><strong><em>pro</em></strong></span> <span class='ocrx_word' id='word_1_10' title='bbox 1050 562 1241 636; x_wconf 83' lang='lat' dir='ltr'>argumento</span> <span class='ocrx_word' id='word_1_11' title='bbox 1264 550 1296 616; x_wconf 86' lang='lat' dir='ltr'><strong><em>in</em></strong></span> <span class='ocrx_word' id='word_1_12' title='bbox 1320 571 1370 616; x_wconf 85' lang='lat' dir='ltr'><strong><em>me</em></strong></span> 
     </span>
     <span class='ocr_line' id='line_1_3' title="bbox 340 650 1369 742; baseline 0.002 -25"><span class='ocrx_word' id='word_1_13' title='bbox 340 662 517 717; x_wconf 87' lang='lat' dir='ltr'>uterentur.</span> <span class='ocrx_word' id='word_1_14' title='bbox 536 650 555 735; x_wconf 77' lang='lat'>§</span> <span class='ocrx_word' id='word_1_15' title='bbox 583 651 633 717; x_wconf 82' lang='grc'><strong><em>84.</em></strong></span> <span class='ocrx_word' id='word_1_16' title='bbox 655 651 839 738; x_wconf 78' lang='grc' dir='ltr'><strong><em>τεκμήριον.</em></strong></span> <span class='ocrx_word' id='word_1_17' title='bbox 862 650 1143 740; x_wconf 77' lang='grc' dir='ltr'><strong><em>ἐνθυμηματώδης</em></strong></span> <span class='ocrx_word' id='word_1_18' title='bbox 1163 653 1307 742; x_wconf 82' lang='grc' dir='ltr'><strong><em>τελευτή,</em></strong></span> <span class='ocrx_word' id='word_1_19' title='bbox 1334 666 1369 720; x_wconf 86' lang='lat' dir='ltr'><strong><em>ut</em></strong></span> 
     </span>
     <span class='ocr_line' id='line_1_4' title="bbox 339 753 892 839; baseline 0 -21"><span class='ocrx_word' id='word_1_20' title='bbox 339 775 430 838; x_wconf 85' lang='lat' dir='ltr'>saepe</span> <span class='ocrx_word' id='word_1_21' title='bbox 451 753 484 817; x_wconf 89' lang='lat' dir='ltr'><strong><em>in</em></strong></span> <span class='ocrx_word' id='word_1_22' title='bbox 505 753 561 834; x_wconf 87' lang='lat' dir='ltr'>iis,</span> <span class='ocrx_word' id='word_1_23' title='bbox 586 774 660 837; x_wconf 91' lang='lat' dir='ltr'>quae</span> <span class='ocrx_word' id='word_1_24' title='bbox 682 775 784 839; x_wconf 86' lang='lat' dir='ltr'>supra</span> <span class='ocrx_word' id='word_1_25' title='bbox 805 764 892 818; x_wconf 86' lang='lat' dir='ltr'>sunt.</span> 
     </span>
    </p>

    <p class='ocr_par' dir='ltr' id='par_1_3' title="bbox 316 853 719 939">
     <span class='ocr_line' id='line_1_5' title="bbox 316 853 719 939; baseline -0.005 -17"><span class='ocrx_word' id='word_1_26' title='bbox 316 856 517 936; x_wconf 78' lang='grc' dir='ltr'><strong><em>ἐπίλογος.</em></strong></span> <span class='ocrx_word' id='word_1_27' title='bbox 541 853 560 939; x_wconf 57' lang='grc'><strong>1</strong></span> <span class='ocrx_word' id='word_1_28' title='bbox 583 855 719 920; x_wconf 82' lang='grc'><strong><em>85-96.</em></strong></span> 
     </span>
    </p>

    <p class='ocr_par' dir='ltr' id='par_1_4' title="bbox 272 955 1367 1045">
     <span class='ocr_line' id='line_1_6' title="bbox 272 955 1367 1045; baseline -0.002 -23"><span class='ocrx_word' id='word_1_29' title='bbox 272 958 296 1022; x_wconf 90' lang='grc'><strong>1,</strong></span> <span class='ocrx_word' id='word_1_30' title='bbox 340 959 374 1045; x_wconf 83' lang='lat' dir='ltr'><strong><em>a)</em></strong></span> <span class='ocrx_word' id='word_1_31' title='bbox 398 955 450 1018; x_wconf 85' lang='lat' dir='ltr'><strong><em>Ex</em></strong></span> <span class='ocrx_word' id='word_1_32' title='bbox 472 955 601 1039; x_wconf 85' lang='lat' dir='ltr'>legibus</span> <span class='ocrx_word' id='word_1_33' title='bbox 625 978 689 1021; x_wconf 89' lang='lat' dir='ltr'><strong><em>non</em></strong></span> <span class='ocrx_word' id='word_1_34' title='bbox 713 979 789 1020; x_wconf 89' lang='lat' dir='ltr'>reus</span> <span class='ocrx_word' id='word_1_35' title='bbox 812 955 884 1041; x_wconf 89' lang='lat' dir='ltr'>ejus</span> <span class='ocrx_word' id='word_1_36' title='bbox 907 955 1014 1042; x_wconf 88' lang='lat' dir='ltr'>oulpae</span> <span class='ocrx_word' id='word_1_37' title='bbox 1037 979 1125 1034; x_wconf 87' lang='lat' dir='ltr'>sum,</span> <span class='ocrx_word' id='word_1_38' title='bbox 1144 957 1367 1044; x_wconf 86' lang='lat' dir='ltr'>cujusmeisti</span> 
     </span>
    </p>

    <p class='ocr_par' dir='ltr' id='par_1_5' title="bbox 312 1056 1365 1550">
     <span class='ocr_line' id='line_1_7' title="bbox 337 1056 772 1141; baseline -0.007 -17"><span class='ocrx_word' id='word_1_39' title='bbox 337 1065 540 1124; x_wconf 82' lang='lat' dir='ltr'>accusarunt.</span> <span class='ocrx_word' id='word_1_40' title='bbox 564 1056 583 1141; x_wconf 77' lang='lat'>§</span> <span class='ocrx_word' id='word_1_41' title='bbox 606 1057 772 1124; x_wconf 74' lang='lat' dir='ltr'>85³⁶-8o</span> 
     </span>
     <span class='ocr_line' id='line_1_8' title="bbox 313 1157 1365 1247; baseline -0.001 -21"><span class='ocrx_word' id='word_1_42' title='bbox 313 1161 345 1247; x_wconf 78' lang='lat' dir='ltr'><strong><em>b)</em></strong></span> <span class='ocrx_word' id='word_1_43' title='bbox 369 1159 421 1223; x_wconf 79' lang='lat' dir='ltr'><strong><em>Ex</em></strong></span> <span class='ocrx_word' id='word_1_44' title='bbox 443 1158 515 1243; x_wconf 85' lang='lat' dir='ltr'>lege</span> <span class='ocrx_word' id='word_1_45' title='bbox 537 1179 639 1222; x_wconf 84' lang='lat' dir='ltr'>causa</span> <span class='ocrx_word' id='word_1_46' title='bbox 654 1157 795 1244; x_wconf 76' lang='lat' dir='ltr'>agenda,</span> <span class='ocrx_word' id='word_1_47' title='bbox 808 1158 952 1245; x_wconf 82' lang='lat' dir='ltr'>exjusto</span> <span class='ocrx_word' id='word_1_48' title='bbox 965 1161 1105 1245; x_wconf 85' lang='lat' dir='ltr'>quaestio</span> <span class='ocrx_word' id='word_1_49' title='bbox 1117 1162 1315 1226; x_wconf 87' lang='lat' dir='ltr'>instituenda</span> <span class='ocrx_word' id='word_1_50' title='bbox 1330 1160 1365 1225; x_wconf 73' lang='lat'><strong><em>³³.</em></strong></span> 
     </span>
     <span class='ocr_line' id='line_1_9' title="bbox 333 1260 511 1346; baseline -0.011 -21"><span class='ocrx_word' id='word_1_51' title='bbox 333 1260 449 1346; x_wconf 79' lang='lat'><strong><em>§86-</em></strong></span> <span class='ocrx_word' id='word_1_52' title='bbox 461 1261 511 1324; x_wconf 85' lang='lat'><strong><em>88.</em></strong></span> 
     </span>
     <span class='ocr_line' id='line_1_10' title="bbox 312 1361 1365 1451; baseline 0.002 -24"><span class='ocrx_word' id='word_1_53' title='bbox 312 1364 342 1451; x_wconf 86' lang='lat' dir='ltr'><strong><em>c)</em></strong></span> <span class='ocrx_word' id='word_1_54' title='bbox 367 1361 479 1442; x_wconf 82' lang='lat' dir='ltr'>Quare</span> <span class='ocrx_word' id='word_1_55' title='bbox 503 1381 602 1445; x_wconf 91' lang='lat' dir='ltr'>quum</span> <span class='ocrx_word' id='word_1_56' title='bbox 640 1383 705 1425; x_wconf 90' lang='lat' dir='ltr'><strong><em>non</em></strong></span> <span class='ocrx_word' id='word_1_57' title='bbox 734 1363 795 1426; x_wconf 82' lang='lat' dir='ltr'>rite</span> <span class='ocrx_word' id='word_1_58' title='bbox 819 1385 918 1426; x_wconf 84' lang='lat' dir='ltr'>eausa</span> <span class='ocrx_word' id='word_1_59' title='bbox 939 1362 1087 1427; x_wconf 86' lang='lat' dir='ltr'>instituta</span> <span class='ocrx_word' id='word_1_60' title='bbox 1112 1361 1170 1441; x_wconf 86' lang='lat' dir='ltr'>sit,</span> <span class='ocrx_word' id='word_1_61' title='bbox 1193 1387 1255 1451; x_wconf 81' lang='lat' dir='ltr'><strong><em>ego</em></strong></span> <span class='ocrx_word' id='word_1_62' title='bbox 1280 1389 1365 1430; x_wconf 85' lang='lat' dir='ltr'>nuno</span> 
     </span>
     <span class='ocr_line' id='line_1_11' title="bbox 335 1461 1363 1550; baseline 0.004 -24"><span class='ocrx_word' id='word_1_63' title='bbox 335 1463 463 1527; x_wconf 86' lang='lat' dir='ltr'>liberari</span> <span class='ocrx_word' id='word_1_64' title='bbox 499 1462 621 1536; x_wconf 83' lang='lat' dir='ltr'>debeo,</span> <span class='ocrx_word' id='word_1_65' title='bbox 649 1461 714 1527; x_wconf 88' lang='lat' dir='ltr'>alio</span> <span class='ocrx_word' id='word_1_66' title='bbox 749 1474 912 1549; x_wconf 85' lang='lat' dir='ltr'>ternpore,</span> <span class='ocrx_word' id='word_1_67' title='bbox 936 1465 964 1527; x_wconf 85' lang='lat' dir='ltr'><strong><em>si</em></strong></span> <span class='ocrx_word' id='word_1_68' title='bbox 995 1475 1140 1550; x_wconf 79' lang='lat' dir='ltr'>oportet,</span> <span class='ocrx_word' id='word_1_69' title='bbox 1164 1467 1363 1530; x_wconf 82' lang='lat' dir='ltr'>accusationi</span> 
     </span>
    </p>
   </div>
   <div class='ocr_carea' id='block_1_3' title="bbox 265 1585 464 1600">
    <p class='ocr_par' dir='ltr' id='par_1_6' title="bbox 265 1585 464 1600">
     <span class='ocr_line' id='line_1_12' title="bbox 265 1585 464 1600; baseline -0.02 0"><span class='ocrx_word' id='word_1_70' title='bbox 265 1585 464 1600; x_wconf 51' lang='grc' dir='ltr'><strong><em>μ</em></strong></span> 
     </span>
    </p>
   </div>
   <div class='ocr_carea' id='block_1_4' title="bbox 252 1629 1364 4248">
    <p class='ocr_par' dir='ltr' id='par_1_7' title="bbox 265 1629 1364 1877">
     <span class='ocr_line' id='line_1_13' title="bbox 339 1629 1364 1706; baseline 0.005 -22"><span class='ocrx_word' id='word_1_71' title='bbox 339 1633 373 1685; x_wconf 88' lang='grc'><strong><em>36</em></strong></span> <span class='ocrx_word' id='word_1_72' title='bbox 409 1633 481 1701; x_wconf 69' lang='lat'><strong><em>§85</em></strong></span> <span class='ocrx_word' id='word_1_73' title='bbox 500 1639 566 1686; x_wconf 82' lang='lat' dir='ltr'>extr.</span> <span class='ocrx_word' id='word_1_74' title='bbox 594 1630 623 1684; x_wconf 79' lang='grc' dir='ltr'><strong><em>ἐν</em></strong></span> <span class='ocrx_word' id='word_1_75' title='bbox 649 1629 720 1698; x_wconf 71' lang='grc' dir='ltr'><strong><em>τῷδε</em></strong></span> <span class='ocrx_word' id='word_1_76' title='bbox 746 1635 788 1700; x_wconf 73' lang='grc' dir='ltr'><strong><em>τῷ</em></strong></span> <span class='ocrx_word' id='word_1_77' title='bbox 812 1630 908 1704; x_wconf 77' lang='grc' dir='ltr'><strong><em>λόγῳ.</em></strong></span> <span class='ocrx_word' id='word_1_78' title='bbox 952 1632 1006 1686; x_wconf 85' lang='lat' dir='ltr'><strong><em>Pro</em></strong></span> <span class='ocrx_word' id='word_1_79' title='bbox 1029 1630 1114 1705; x_wconf 75' lang='grc' dir='ltr'><strong><em>λόγῳ</em></strong></span> <span class='ocrx_word' id='word_1_80' title='bbox 1142 1635 1268 1691; x_wconf 75' lang='lat' dir='ltr'>Matzner</span> <span class='ocrx_word' id='word_1_81' title='bbox 1294 1637 1364 1706; x_wconf 86' lang='lat' dir='ltr'>conj.</span> 
     </span>
     <span class='ocr_line' id='line_1_14' title="bbox 265 1714 1362 1794; baseline 0.004 -23"><span class='ocrx_word' id='word_1_82' title='bbox 265 1718 379 1794; x_wconf 63' lang='grc' dir='ltr'><strong><em>κράνη</em></strong></span> <span class='ocrx_word' id='word_1_83' title='bbox 400 1728 444 1770; x_wconf 82' lang='lat' dir='ltr'><strong><em>aut</em></strong></span> <span class='ocrx_word' id='word_1_84' title='bbox 463 1714 578 1788; x_wconf 78' lang='grc' dir='ltr'><strong><em>ἀγῶνι.</em></strong></span> <span class='ocrx_word' id='word_1_85' title='bbox 615 1717 744 1773; x_wconf 90' lang='lat' dir='ltr'>Neutrum</span> <span class='ocrx_word' id='word_1_86' title='bbox 763 1730 872 1772; x_wconf 88' lang='lat' dir='ltr'>rectum.</span> <span class='ocrx_word' id='word_1_87' title='bbox 909 1719 948 1771; x_wconf 83' lang='lat' dir='ltr'>ef.</span> <span class='ocrx_word' id='word_1_88' title='bbox 967 1719 1093 1774; x_wconf 85' lang='lat' dir='ltr'>Miteheli.</span> <span class='ocrx_word' id='word_1_89' title='bbox 1112 1721 1170 1774; x_wconf 87' lang='lat' dir='ltr'>lud.</span> <span class='ocrx_word' id='word_1_90' title='bbox 1189 1724 1214 1774; x_wconf 90' lang='lat' dir='ltr'><strong><em>in</em></strong></span> <span class='ocrx_word' id='word_1_91' title='bbox 1234 1722 1291 1775; x_wconf 83' lang='lat' dir='ltr'>Orr.</span> <span class='ocrx_word' id='word_1_92' title='bbox 1306 1729 1362 1775; x_wconf 81' lang='lat' dir='ltr'><strong><em>Au.</em></strong></span> 
     </span>
     <span class='ocr_line' id='line_1_15' title="bbox 266 1804 424 1877; baseline -0.019 -20"><span class='ocrx_word' id='word_1_93' title='bbox 266 1824 292 1877; x_wconf 91' lang='lat' dir='ltr'><strong><em>p.</em></strong></span> <span class='ocrx_word' id='word_1_94' title='bbox 311 1805 370 1866; x_wconf 77' lang='lat'><strong><em>519,</em></strong></span> <span class='ocrx_word' id='word_1_95' title='bbox 388 1804 424 1872; x_wconf 81' lang='lat' dir='ltr'><strong><em>hl.</em></strong></span> 
     </span>
    </p>

    <p class='ocr_par' dir='ltr' id='par_1_8' title="bbox 263 1886 1361 2217">
     <span class='ocr_line' id='line_1_16' title="bbox 337 1886 1361 1963; baseline 0.003 -22"><span class='ocrx_word' id='word_1_96' title='bbox 337 1891 371 1941; x_wconf 81' lang='lat'><strong><em>37</em></strong></span> <span class='ocrx_word' id='word_1_97' title='bbox 406 1887 478 1954; x_wconf 75' lang='lat'><strong><em>§86</em></strong></span> <span class='ocrx_word' id='word_1_98' title='bbox 496 1905 538 1958; x_wconf 84' lang='lat' dir='ltr'><strong><em>sq.</em></strong></span> <span class='ocrx_word' id='word_1_99' title='bbox 574 1887 603 1940; x_wconf 90' lang='grc' dir='ltr'><strong><em>1ο</em></strong></span> <span class='ocrx_word' id='word_1_100' title='bbox 622 1887 640 1951; x_wconf 63' lang='lat' dir='ltr'>S</span> <span class='ocrx_word' id='word_1_101' title='bbox 658 1887 693 1940; x_wconf 87' lang='grc'><strong><em>86</em></strong></span> <span class='ocrx_word' id='word_1_102' title='bbox 711 1904 761 1956; x_wconf 89' lang='lat' dir='ltr'><strong><em>pro</em></strong></span> <span class='ocrx_word' id='word_1_103' title='bbox 779 1887 848 1938; x_wconf 72' lang='grc' dir='ltr'><strong><em>κατὰ</em></strong></span> <span class='ocrx_word' id='word_1_104' title='bbox 872 1888 969 1953; x_wconf 76' lang='grc' dir='ltr'><strong><em>μέντοι</em></strong></span> <span class='ocrx_word' id='word_1_105' title='bbox 992 1891 1025 1940; x_wconf 82' lang='grc' dir='ltr'><strong><em>τὸ</em></strong></span> <span class='ocrx_word' id='word_1_106' title='bbox 1054 1886 1163 1942; x_wconf 84' lang='grc' dir='ltr'><strong><em>δίκαιον</em></strong></span> <span class='ocrx_word' id='word_1_107' title='bbox 1188 1891 1290 1962; x_wconf 85' lang='lat' dir='ltr'>Saupp.</span> <span class='ocrx_word' id='word_1_108' title='bbox 1308 1897 1361 1963; x_wconf 78' lang='lat' dir='ltr'>(op.</span> 
     </span>
     <span class='ocr_line' id='line_1_17' title="bbox 265 1969 1361 2046; baseline 0.001 -18"><span class='ocrx_word' id='word_1_109' title='bbox 265 1975 383 2037; x_wconf 74' lang='lat' dir='ltr'>Tutior.)</span> <span class='ocrx_word' id='word_1_110' title='bbox 401 1973 452 2044; x_wconf 87' lang='lat' dir='ltr'>legi</span> <span class='ocrx_word' id='word_1_111' title='bbox 472 1972 570 2025; x_wconf 77' lang='lat' dir='ltr'>mavult</span> <span class='ocrx_word' id='word_1_112' title='bbox 587 1973 657 2023; x_wconf 80' lang='grc' dir='ltr'><strong><em>κατὰ</em></strong></span> <span class='ocrx_word' id='word_1_113' title='bbox 674 1973 770 2038; x_wconf 72' lang='grc' dir='ltr'><strong><em>μέντοι</em></strong></span> <span class='ocrx_word' id='word_1_114' title='bbox 788 1969 931 2027; x_wconf 77' lang='grc' dir='ltr'><strong><em>τοὺτοος</em></strong></span> <span class='ocrx_word' id='word_1_115' title='bbox 947 1975 979 2025; x_wconf 76' lang='grc' dir='ltr'><strong><em>τὸ</em></strong></span> <span class='ocrx_word' id='word_1_116' title='bbox 1000 1971 1117 2037; x_wconf 85' lang='grc' dir='ltr'><strong><em>δίκαιον,</em></strong></span> <span class='ocrx_word' id='word_1_117' title='bbox 1141 1993 1200 2046; x_wconf 85' lang='lat' dir='ltr'>quae</span> <span class='ocrx_word' id='word_1_118' title='bbox 1218 1995 1280 2028; x_wconf 87' lang='lat' dir='ltr'><strong><em>num</em></strong></span> <span class='ocrx_word' id='word_1_119' title='bbox 1298 1995 1361 2029; x_wconf 79' lang='lat' dir='ltr'>vere</span> 
     </span>
     <span class='ocr_line' id='line_1_18' title="bbox 263 2056 1359 2130; baseline 0.002 -16"><span class='ocrx_word' id='word_1_120' title='bbox 263 2060 416 2114; x_wconf 76' lang='lat' dir='ltr'>emendatio</span> <span class='ocrx_word' id='word_1_121' title='bbox 437 2061 485 2121; x_wconf 83' lang='lat' dir='ltr'>sit,</span> <span class='ocrx_word' id='word_1_122' title='bbox 503 2059 674 2111; x_wconf 85' lang='lat' dir='ltr'>vehementer</span> <span class='ocrx_word' id='word_1_123' title='bbox 692 2057 794 2110; x_wconf 83' lang='lat' dir='ltr'>dubito.</span> <span class='ocrx_word' id='word_1_124' title='bbox 839 2056 928 2111; x_wconf 84' lang='lat' dir='ltr'>Locus</span> <span class='ocrx_word' id='word_1_125' title='bbox 956 2061 1036 2130; x_wconf 87' lang='lat' dir='ltr'>paulo</span> <span class='ocrx_word' id='word_1_126' title='bbox 1065 2060 1197 2114; x_wconf 83' lang='lat' dir='ltr'>diffieilior</span> <span class='ocrx_word' id='word_1_127' title='bbox 1218 2063 1286 2115; x_wconf 84' lang='lat' dir='ltr'>hane</span> <span class='ocrx_word' id='word_1_128' title='bbox 1304 2064 1359 2117; x_wconf 84' lang='lat' dir='ltr'>sere</span> 
     </span>
     <span class='ocr_line' id='line_1_19' title="bbox 263 2142 851 2217; baseline -0.009 -18"><span class='ocrx_word' id='word_1_129' title='bbox 263 2145 414 2217; x_wconf 84' lang='lat' dir='ltr'>explicandi</span> <span class='ocrx_word' id='word_1_130' title='bbox 434 2145 564 2198; x_wconf 85' lang='lat' dir='ltr'>rationem</span> <span class='ocrx_word' id='word_1_131' title='bbox 582 2145 716 2214; x_wconf 81' lang='lat' dir='ltr'>requirere</span> <span class='ocrx_word' id='word_1_132' title='bbox 735 2142 851 2196; x_wconf 88' lang='lat' dir='ltr'>videtur:</span> 
     </span>
    </p>

    <p class='ocr_par' dir='ltr' id='par_1_9' title="bbox 299 2219 1359 2380">
     <span class='ocr_line' id='line_1_20' title="bbox 299 2219 1359 2301; baseline 0.003 -20"><span class='ocrx_word' id='word_1_133' title='bbox 299 2233 326 2294; x_wconf 76' lang='lat'><strong><em>1&gt;</em></strong></span> <span class='ocrx_word' id='word_1_134' title='bbox 343 2227 439 2295; x_wconf 78' lang='grc' dir='ltr'><strong><em>ἠξίουν</em></strong></span> <span class='ocrx_word' id='word_1_135' title='bbox 455 2228 573 2298; x_wconf 73' lang='grc' dir='ltr'><strong><em>μὲνγὰρ</em></strong></span> <span class='ocrx_word' id='word_1_136' title='bbox 592 2228 674 2298; x_wconf 73' lang='grc' dir='ltr'><strong><em>ἔγωγε</em></strong></span> <span class='ocrx_word' id='word_1_137' title='bbox 700 2233 766 2297; x_wconf 81' lang='grc' dir='ltr'><strong><em>περὶ</em></strong></span> <span class='ocrx_word' id='word_1_138' title='bbox 789 2226 845 2280; x_wconf 77' lang='grc' dir='ltr'><strong><em>τῶν</em></strong></span> <span class='ocrx_word' id='word_1_139' title='bbox 860 2226 1003 2292; x_wconf 76' lang='grc' dir='ltr'><strong><em>τοιούτων,</em></strong></span> <span class='ocrx_word' id='word_1_140' title='bbox 1025 2219 1048 2280; x_wconf 77' lang='grc' dir='ltr'><em>ὦ</em></span> <span class='ocrx_word' id='word_1_141' title='bbox 1065 2225 1173 2301; x_wconf 85' lang='grc' dir='ltr'><strong><em>ἀνδρες,</em></strong></span> <span class='ocrx_word' id='word_1_142' title='bbox 1192 2229 1359 2299; x_wconf 71' lang='grc' dir='ltr'><strong><em>εἶναιτὴν</em></strong></span> 
     </span>
     <span class='ocr_line' id='line_1_21' title="bbox 332 2310 787 2380; baseline -0.002 -14"><span class='ocrx_word' id='word_1_143' title='bbox 332 2311 431 2380; x_wconf 86' lang='grc' dir='ltr'><strong><em>δίκην</em></strong></span> <span class='ocrx_word' id='word_1_144' title='bbox 448 2315 531 2364; x_wconf 76' lang='grc' dir='ltr'><strong><em>κατὰ</em></strong></span> <span class='ocrx_word' id='word_1_145' title='bbox 548 2315 628 2367; x_wconf 75' lang='grc' dir='ltr'><strong><em>τοὺς</em></strong></span> <span class='ocrx_word' id='word_1_146' title='bbox 649 2310 787 2379; x_wconf 85' lang='grc' dir='ltr'><strong><em>νόμους,</em></strong></span> 
     </span>
    </p>

    <p class='ocr_par' dir='ltr' id='par_1_10' title="bbox 297 2393 1357 2554">
     <span class='ocr_line' id='line_1_22' title="bbox 297 2393 1357 2470; baseline 0 -18"><span class='ocrx_word' id='word_1_147' title='bbox 297 2402 325 2464; x_wconf 76' lang='grc'><strong><em>2)</em></strong></span> <span class='ocrx_word' id='word_1_148' title='bbox 342 2399 428 2452; x_wconf 85' lang='grc' dir='ltr'><strong><em>κατά</em></strong></span> <span class='ocrx_word' id='word_1_149' title='bbox 445 2400 566 2463; x_wconf 79' lang='grc' dir='ltr'><strong><em>μέντοι</em></strong></span> <span class='ocrx_word' id='word_1_150' title='bbox 582 2400 620 2450; x_wconf 88' lang='grc' dir='ltr'><strong><em>τδ</em></strong></span> <span class='ocrx_word' id='word_1_151' title='bbox 640 2393 779 2450; x_wconf 89' lang='grc' dir='ltr'><strong><em>δίκαιον</em></strong></span> <span class='ocrx_word' id='word_1_152' title='bbox 802 2393 843 2451; x_wconf 79' lang='grc' dir='ltr'><strong><em>ὥς</em></strong></span> <span class='ocrx_word' id='word_1_153' title='bbox 864 2394 1069 2454; x_wconf 70' lang='grc' dir='ltr'><strong><em>πλειστάκις</em></strong></span> <span class='ocrx_word' id='word_1_154' title='bbox 1092 2397 1357 2470; x_wconf 75' lang='grc' dir='ltr'><strong><em>ἐξελέγχεσθαι·</em></strong></span> 
     </span>
     <span class='ocr_line' id='line_1_23' title="bbox 327 2477 904 2554; baseline -0.009 -16"><span class='ocrx_word' id='word_1_155' title='bbox 327 2481 449 2551; x_wconf 71' lang='grc' dir='ltr'><strong><em>τοσούτῳ</em></strong></span> <span class='ocrx_word' id='word_1_156' title='bbox 467 2485 518 2554; x_wconf 80' lang='grc' dir='ltr'><strong><em>γάρ</em></strong></span> <span class='ocrx_word' id='word_1_157' title='bbox 538 2477 651 2550; x_wconf 82' lang='grc' dir='ltr'><strong><em>ἀμεινον</em></strong></span> <span class='ocrx_word' id='word_1_158' title='bbox 669 2479 702 2534; x_wconf 80' lang='grc' dir='ltr'><strong><em>ἀν</em></strong></span> <span class='ocrx_word' id='word_1_159' title='bbox 720 2480 904 2553; x_wconf 75' lang='grc' dir='ltr'><strong><em>ἐγιγνώσκετο.</em></strong></span> 
     </span>
    </p>

    <p class='ocr_par' dir='ltr' id='par_1_11' title="bbox 330 2568 1357 2725">
     <span class='ocr_line' id='line_1_24' title="bbox 365 2568 1357 2642; baseline 0 -20"><span class='ocrx_word' id='word_1_160' title='bbox 365 2572 499 2642; x_wconf 79' lang='lat' dir='ltr'>Apparet,</span> <span class='ocrx_word' id='word_1_161' title='bbox 518 2570 585 2622; x_wconf 83' lang='lat' dir='ltr'>hunc</span> <span class='ocrx_word' id='word_1_162' title='bbox 603 2573 762 2623; x_wconf 84' lang='lat' dir='ltr'>sententiam</span> <span class='ocrx_word' id='word_1_163' title='bbox 775 2571 799 2622; x_wconf 89' lang='lat' dir='ltr'><strong><em>iu</em></strong></span> <span class='ocrx_word' id='word_1_164' title='bbox 814 2568 881 2621; x_wconf 73' lang='lat' dir='ltr'>diras</span> <span class='ocrx_word' id='word_1_165' title='bbox 901 2568 973 2621; x_wconf 81' lang='lat' dir='ltr'>abire</span> <span class='ocrx_word' id='word_1_166' title='bbox 991 2579 1090 2638; x_wconf 81' lang='lat' dir='ltr'>partes.</span> <span class='ocrx_word' id='word_1_167' title='bbox 1126 2569 1225 2622; x_wconf 80' lang='lat' dir='ltr'>Herum</span> <span class='ocrx_word' id='word_1_168' title='bbox 1245 2580 1357 2640; x_wconf 81' lang='lat' dir='ltr'>utreque</span> 
     </span>
     <span class='ocr_line' id='line_1_25' title="bbox 330 2653 1152 2725; baseline -0.001 -17"><span class='ocrx_word' id='word_1_169' title='bbox 330 2656 356 2708; x_wconf 89' lang='lat' dir='ltr'><strong><em>in</em></strong></span> <span class='ocrx_word' id='word_1_170' title='bbox 376 2657 421 2716; x_wconf 86' lang='lat' dir='ltr'>iis,</span> <span class='ocrx_word' id='word_1_171' title='bbox 441 2670 498 2725; x_wconf 78' lang='lat' dir='ltr'><strong><em>que</em></strong></span> <span class='ocrx_word' id='word_1_172' title='bbox 517 2664 673 2725; x_wconf 82' lang='lat' dir='ltr'>sequuntur,</span> <span class='ocrx_word' id='word_1_173' title='bbox 691 2655 799 2706; x_wconf 83' lang='lat' dir='ltr'>uberius</span> <span class='ocrx_word' id='word_1_174' title='bbox 819 2653 966 2723; x_wconf 82' lang='lat' dir='ltr'>explicatur</span> <span class='ocrx_word' id='word_1_175' title='bbox 984 2653 1035 2704; x_wconf 85' lang='lat' dir='ltr'><strong><em>hoe</em></strong></span> <span class='ocrx_word' id='word_1_176' title='bbox 1054 2654 1152 2707; x_wconf 83' lang='lat' dir='ltr'>modo:</span> 
     </span>
    </p>

    <p class='ocr_par' dir='ltr' id='par_1_12' title="bbox 295 2733 1355 2897">
     <span class='ocr_line' id='line_1_26' title="bbox 295 2733 1355 2813; baseline 0.003 -23"><span class='ocrx_word' id='word_1_177' title='bbox 295 2740 321 2800; x_wconf 71' lang='grc' dir='ltr'><strong><em>θ)</em></strong></span> <span class='ocrx_word' id='word_1_178' title='bbox 340 2733 372 2791; x_wconf 79' lang='grc' dir='ltr'><strong><em>οἶ</em></strong></span> <span class='ocrx_word' id='word_1_179' title='bbox 386 2741 439 2809; x_wconf 82' lang='grc' dir='ltr'><strong><em>γάρ</em></strong></span> <span class='ocrx_word' id='word_1_180' title='bbox 458 2736 556 2790; x_wconf 77' lang='grc' dir='ltr'><strong><em>πολλοὶ</em></strong></span> <span class='ocrx_word' id='word_1_181' title='bbox 578 2736 680 2809; x_wconf 79' lang='grc' dir='ltr'><strong><em>ἀγῶνες</em></strong></span> <span class='ocrx_word' id='word_1_182' title='bbox 697 2737 732 2812; x_wconf 80' lang='grc' dir='ltr'><strong><em>τῇ</em></strong></span> <span class='ocrx_word' id='word_1_183' title='bbox 750 2738 801 2807; x_wconf 75' lang='grc' dir='ltr'><strong><em>μὲν</em></strong></span> <span class='ocrx_word' id='word_1_184' title='bbox 818 2734 938 2805; x_wconf 76' lang='grc' dir='ltr'><strong><em>ἀληθείᾳ</em></strong></span> <span class='ocrx_word' id='word_1_185' title='bbox 957 2734 1095 2805; x_wconf 76' lang='grc' dir='ltr'><strong><em>σῦμμαχοί</em></strong></span> <span class='ocrx_word' id='word_1_186' title='bbox 1112 2733 1175 2801; x_wconf 78' lang='grc' dir='ltr'><strong><em>εἶσι,</em></strong></span> <span class='ocrx_word' id='word_1_187' title='bbox 1194 2740 1229 2813; x_wconf 78' lang='grc' dir='ltr'><strong><em>τῇ</em></strong></span> <span class='ocrx_word' id='word_1_188' title='bbox 1247 2737 1277 2794; x_wconf 80' lang='grc' dir='ltr'><strong><em>δὲ</em></strong></span> <span class='ocrx_word' id='word_1_189' title='bbox 1295 2738 1355 2793; x_wconf 87' lang='grc' dir='ltr'><strong><em>δια·</em></strong></span> 
     </span>
     <span class='ocr_line' id='line_1_27' title="bbox 329 2819 635 2897; baseline -0.003 -22"><span class='ocrx_word' id='word_1_190' title='bbox 329 2820 399 2897; x_wconf 77' lang='grc' dir='ltr'><strong><em>βολῇ</em></strong></span> <span class='ocrx_word' id='word_1_191' title='bbox 414 2819 635 2890; x_wconf 81' lang='grc' dir='ltr'><strong><em>πολεμιώτατοι·</em></strong></span> 
     </span>
    </p>

    <p class='ocr_par' dir='ltr' id='par_1_13' title="bbox 294 2902 1356 3060">
     <span class='ocr_line' id='line_1_28' title="bbox 294 2902 1356 2982; baseline 0 -21"><span class='ocrx_word' id='word_1_192' title='bbox 294 2911 322 2974; x_wconf 82' lang='grc'><strong>1)</strong></span> <span class='ocrx_word' id='word_1_193' title='bbox 338 2912 367 2976; x_wconf 65' lang='lat'><strong><em>(5</em></strong></span> <span class='ocrx_word' id='word_1_194' title='bbox 386 2909 430 2976; x_wconf 79' lang='lat'><strong><em>87)</em></strong></span> <span class='ocrx_word' id='word_1_195' title='bbox 449 2905 535 2977; x_wconf 83' lang='grc' dir='ltr'><strong><em>φόνον</em></strong></span> <span class='ocrx_word' id='word_1_196' title='bbox 553 2911 604 2980; x_wconf 79' lang='grc' dir='ltr'><strong><em>γάρ</em></strong></span> <span class='ocrx_word' id='word_1_197' title='bbox 624 2905 685 2974; x_wconf 86' lang='grc' dir='ltr'><strong><em>δίκη</em></strong></span> <span class='ocrx_word' id='word_1_198' title='bbox 705 2910 752 2958; x_wconf 78' lang='grc' dir='ltr'><strong><em>καὶ</em></strong></span> <span class='ocrx_word' id='word_1_199' title='bbox 769 2907 808 2973; x_wconf 75' lang='grc' dir='ltr'><strong><em>μή</em></strong></span> <span class='ocrx_word' id='word_1_200' title='bbox 831 2903 927 2978; x_wconf 80' lang='grc' dir='ltr'><strong><em>ὀρθῶς</em></strong></span> <span class='ocrx_word' id='word_1_201' title='bbox 944 2908 1101 2978; x_wconf 77' lang='grc' dir='ltr'><strong><em>γνωσθεῖσα</em></strong></span> <span class='ocrx_word' id='word_1_202' title='bbox 1119 2902 1296 2982; x_wconf 84' lang='grc' dir='ltr'><strong><em>ι’σχνράτερον</em></strong></span> <span class='ocrx_word' id='word_1_203' title='bbox 1307 2909 1356 2963; x_wconf 78' lang='grc' dir='ltr'><strong><em>τοῦ</em></strong></span> 
     </span>
     <span class='ocr_line' id='line_1_29' title="bbox 327 2990 808 3060; baseline -0.008 -13"><span class='ocrx_word' id='word_1_204' title='bbox 327 2990 435 3047; x_wconf 79' lang='grc' dir='ltr'><strong><em>δικαίου</em></strong></span> <span class='ocrx_word' id='word_1_205' title='bbox 453 2999 499 3045; x_wconf 81' lang='grc' dir='ltr'><strong><em>καί</em></strong></span> <span class='ocrx_word' id='word_1_206' title='bbox 518 2993 567 3046; x_wconf 78' lang='grc' dir='ltr'><strong><em>τοῦ</em></strong></span> <span class='ocrx_word' id='word_1_207' title='bbox 585 2990 707 3060; x_wconf 80' lang='grc' dir='ltr'><strong><em>ἀληθοῦς</em></strong></span> <span class='ocrx_word' id='word_1_208' title='bbox 726 2991 808 3044; x_wconf 76' lang='grc' dir='ltr'><strong><em>ἐστιν.</em></strong></span> 
     </span>
    </p>

    <p class='ocr_par' dir='ltr' id='par_1_14' title="bbox 294 3073 1355 3483">
     <span class='ocr_line' id='line_1_30' title="bbox 294 3073 1355 3150; baseline -0.001 -20"><span class='ocrx_word' id='word_1_209' title='bbox 294 3079 321 3144; x_wconf 89' lang='grc'><strong>1)</strong></span> <span class='ocrx_word' id='word_1_210' title='bbox 340 3076 440 3150; x_wconf 89' lang='grc' dir='ltr'><strong><em>ἀνάγκη</em></strong></span> <span class='ocrx_word' id='word_1_211' title='bbox 459 3080 521 3149; x_wconf 82' lang='grc' dir='ltr'><strong><em>γάρ,</em></strong></span> <span class='ocrx_word' id='word_1_212' title='bbox 543 3076 591 3130; x_wconf 76' lang='grc' dir='ltr'><strong><em>ἐὰν</em></strong></span> <span class='ocrx_word' id='word_1_213' title='bbox 608 3075 685 3146; x_wconf 69' lang='grc' dir='ltr'><strong><em>ὑμεῖς</em></strong></span> <span class='ocrx_word' id='word_1_214' title='bbox 702 3096 756 3145; x_wconf 83' lang='grc' dir='ltr'><strong><em>μοι</em></strong></span> <span class='ocrx_word' id='word_1_215' title='bbox 774 3077 1025 3145; x_wconf 80' lang='grc' dir='ltr'><strong><em>καταψηφίσησθε,</em></strong></span> <span class='ocrx_word' id='word_1_216' title='bbox 1055 3082 1102 3128; x_wconf 78' lang='grc' dir='ltr'><strong><em>καὶ</em></strong></span> <span class='ocrx_word' id='word_1_217' title='bbox 1125 3079 1163 3144; x_wconf 77' lang='grc' dir='ltr'><strong><em>μὴ</em></strong></span> <span class='ocrx_word' id='word_1_218' title='bbox 1182 3073 1248 3130; x_wconf 79' lang='grc' dir='ltr'><strong><em>ὄντα</em></strong></span> <span class='ocrx_word' id='word_1_219' title='bbox 1267 3081 1355 3146; x_wconf 83' lang='grc' dir='ltr'><strong><em>φονία</em></strong></span> 
     </span>
     <span class='ocr_line' id='line_1_31' title="bbox 323 3156 1354 3233; baseline 0.002 -20"><span class='ocrx_word' id='word_1_220' title='bbox 323 3159 389 3230; x_wconf 81' lang='grc' dir='ltr'><strong><em>μηδ’</em></strong></span> <span class='ocrx_word' id='word_1_221' title='bbox 409 3162 503 3228; x_wconf 74' lang='grc' dir='ltr'><strong><em>ἔνοχον</em></strong></span> <span class='ocrx_word' id='word_1_222' title='bbox 518 3163 557 3229; x_wconf 73' lang='grc' dir='ltr'><strong><em>τῷ</em></strong></span> <span class='ocrx_word' id='word_1_223' title='bbox 576 3161 655 3232; x_wconf 70' lang='grc' dir='ltr'><strong><em>ἔργα,</em></strong></span> <span class='ocrx_word' id='word_1_224' title='bbox 674 3160 797 3233; x_wconf 80' lang='grc' dir='ltr'><strong><em>χρῆσθαι</em></strong></span> <span class='ocrx_word' id='word_1_225' title='bbox 818 3159 853 3232; x_wconf 83' lang='grc' dir='ltr'><strong><em>τῇ</em></strong></span> <span class='ocrx_word' id='word_1_226' title='bbox 878 3156 939 3232; x_wconf 87' lang='grc' dir='ltr'><strong><em>δίκη</em></strong></span> <span class='ocrx_word' id='word_1_227' title='bbox 959 3165 1005 3210; x_wconf 81' lang='grc' dir='ltr'><strong><em>καί</em></strong></span> <span class='ocrx_word' id='word_1_228' title='bbox 1028 3160 1067 3226; x_wconf 72' lang='grc' dir='ltr'><strong><em>τῷ</em></strong></span> <span class='ocrx_word' id='word_1_229' title='bbox 1084 3161 1177 3228; x_wconf 82' lang='grc' dir='ltr'><strong><em>νόμῳ·</em></strong></span> <span class='ocrx_word' id='word_1_230' title='bbox 1197 3166 1243 3212; x_wconf 83' lang='grc' dir='ltr'><strong><em>καί</em></strong></span> <span class='ocrx_word' id='word_1_231' title='bbox 1264 3158 1354 3215; x_wconf 76' lang='grc' dir='ltr'><strong><em>οὐδείς</em></strong></span> 
     </span>
     <span class='ocr_line' id='line_1_32' title="bbox 326 3238 1351 3315; baseline 0.001 -19"><span class='ocrx_word' id='word_1_232' title='bbox 326 3244 360 3296; x_wconf 82' lang='grc' dir='ltr'><strong><em>ἀν</em></strong></span> <span class='ocrx_word' id='word_1_233' title='bbox 386 3243 548 3312; x_wconf 79' lang='grc' dir='ltr'><strong><em>τολμήσειεν</em></strong></span> <span class='ocrx_word' id='word_1_234' title='bbox 579 3242 640 3298; x_wconf 67' lang='grc' dir='ltr'><strong><em>οὔτε</em></strong></span> <span class='ocrx_word' id='word_1_235' title='bbox 666 3248 717 3310; x_wconf 77' lang='grc' dir='ltr'><strong><em>τήν</em></strong></span> <span class='ocrx_word' id='word_1_236' title='bbox 750 3240 829 3309; x_wconf 86' lang='grc' dir='ltr'><strong><em>δίκην</em></strong></span> <span class='ocrx_word' id='word_1_237' title='bbox 854 3244 905 3307; x_wconf 79' lang='grc' dir='ltr'><strong><em>τὴν</em></strong></span> <span class='ocrx_word' id='word_1_238' title='bbox 932 3238 1131 3311; x_wconf 70' lang='grc' dir='ltr'><strong><em>δεδικασμένην</em></strong></span> <span class='ocrx_word' id='word_1_239' title='bbox 1157 3249 1351 3315; x_wconf 77' lang='grc' dir='ltr'><strong><em>παραβαίνειν,</em></strong></span> 
     </span>
     <span class='ocr_line' id='line_1_33' title="bbox 323 3321 1354 3397; baseline 0.004 -18"><span class='ocrx_word' id='word_1_240' title='bbox 323 3326 469 3382; x_wconf 68' lang='grc' dir='ltr'><strong><em>πιστεύσας</em></strong></span> <span class='ocrx_word' id='word_1_241' title='bbox 490 3325 562 3395; x_wconf 76' lang='grc' dir='ltr'><strong><em>αὑτῷ</em></strong></span> <span class='ocrx_word' id='word_1_242' title='bbox 580 3327 624 3380; x_wconf 83' lang='grc' dir='ltr'><strong><em>ὅτι</em></strong></span> <span class='ocrx_word' id='word_1_243' title='bbox 642 3326 691 3379; x_wconf 74' lang='grc' dir='ltr'><strong><em>οὐκ</em></strong></span> <span class='ocrx_word' id='word_1_244' title='bbox 709 3326 801 3391; x_wconf 81' lang='grc' dir='ltr'><strong><em>ἔνοχός</em></strong></span> <span class='ocrx_word' id='word_1_245' title='bbox 819 3325 901 3387; x_wconf 79' lang='grc' dir='ltr'><strong><em>ἐστιν,</em></strong></span> <span class='ocrx_word' id='word_1_246' title='bbox 928 3321 990 3380; x_wconf 78' lang='grc' dir='ltr'><strong><em>οὕτε</em></strong></span> <span class='ocrx_word' id='word_1_247' title='bbox 1013 3326 1142 3390; x_wconf 77' lang='grc' dir='ltr'><strong><em>ξυνειδὼς</em></strong></span> <span class='ocrx_word' id='word_1_248' title='bbox 1169 3328 1241 3397; x_wconf 73' lang='grc' dir='ltr'><strong><em>αὑτῷ</em></strong></span> <span class='ocrx_word' id='word_1_249' title='bbox 1258 3331 1354 3383; x_wconf 81' lang='grc' dir='ltr'><strong><em>τοσοῦ-</em></strong></span> 
     </span>
     <span class='ocr_line' id='line_1_34' title="bbox 324 3405 1067 3483; baseline 0 -19"><span class='ocrx_word' id='word_1_250' title='bbox 324 3430 374 3464; x_wconf 90' lang='grc' dir='ltr'><strong><em>τον</em></strong></span> <span class='ocrx_word' id='word_1_251' title='bbox 391 3411 472 3483; x_wconf 75' lang='grc' dir='ltr'><strong><em>ἔργον</em></strong></span> <span class='ocrx_word' id='word_1_252' title='bbox 488 3405 656 3483; x_wconf 74' lang='grc' dir='ltr'><strong><em>εἰργασμένῳ</em></strong></span> <span class='ocrx_word' id='word_1_253' title='bbox 674 3414 712 3479; x_wconf 75' lang='grc' dir='ltr'><strong><em>μή</em></strong></span> <span class='ocrx_word' id='word_1_254' title='bbox 734 3409 765 3463; x_wconf 81' lang='grc' dir='ltr'><strong><em>οὗ</em></strong></span> <span class='ocrx_word' id='word_1_255' title='bbox 782 3411 906 3483; x_wconf 82' lang='grc' dir='ltr'><strong><em>χρῆσθαι</em></strong></span> <span class='ocrx_word' id='word_1_256' title='bbox 921 3411 960 3478; x_wconf 78' lang='grc' dir='ltr'><strong><em>τῷ</em></strong></span> <span class='ocrx_word' id='word_1_257' title='bbox 976 3411 1067 3481; x_wconf 81' lang='grc' dir='ltr'><strong><em>νόμῳ·</em></strong></span> 
     </span>
    </p>

    <p class='ocr_par' dir='ltr' id='par_1_15' title="bbox 291 3491 1351 3654">
     <span class='ocr_line' id='line_1_35' title="bbox 291 3491 1351 3567; baseline -0.002 -17"><span class='ocrx_word' id='word_1_258' title='bbox 291 3499 317 3561; x_wconf 73' lang='lat'><strong><em>2)</em></strong></span> <span class='ocrx_word' id='word_1_259' title='bbox 336 3493 436 3566; x_wconf 89' lang='grc' dir='ltr'><strong><em>ἀνάγκη</em></strong></span> <span class='ocrx_word' id='word_1_260' title='bbox 464 3491 494 3548; x_wconf 77' lang='grc' dir='ltr'><strong><em>δὲ</em></strong></span> <span class='ocrx_word' id='word_1_261' title='bbox 518 3495 567 3563; x_wconf 84' lang='grc' dir='ltr'><strong><em>τῆς</em></strong></span> <span class='ocrx_word' id='word_1_262' title='bbox 595 3492 673 3561; x_wconf 86' lang='grc' dir='ltr'><strong><em>δίκης</em></strong></span> <span class='ocrx_word' id='word_1_263' title='bbox 703 3495 834 3548; x_wconf 86' lang='grc' dir='ltr'><strong><em>νικάσθαι</em></strong></span> <span class='ocrx_word' id='word_1_264' title='bbox 860 3499 939 3567; x_wconf 86' lang='grc' dir='ltr'><strong><em>παρά</em></strong></span> <span class='ocrx_word' id='word_1_265' title='bbox 965 3499 997 3548; x_wconf 89' lang='grc' dir='ltr'><strong><em>τδ</em></strong></span> <span class='ocrx_word' id='word_1_266' title='bbox 1022 3495 1125 3565; x_wconf 76' lang='grc' dir='ltr'><strong><em>ἀληθὲς</em></strong></span> <span class='ocrx_word' id='word_1_267' title='bbox 1152 3497 1235 3553; x_wconf 75' lang='grc' dir='ltr'><strong><em>αὐτοῦ</em></strong></span> <span class='ocrx_word' id='word_1_268' title='bbox 1252 3519 1282 3552; x_wconf 78' lang='grc' dir='ltr'><strong><em>τε</em></strong></span> <span class='ocrx_word' id='word_1_269' title='bbox 1301 3501 1351 3553; x_wconf 75' lang='grc' dir='ltr'><strong><em>τοῦ</em></strong></span> 
     </span>
     <span class='ocr_line' id='line_1_36' title="bbox 324 3573 1061 3654; baseline 0.001 -21"><span class='ocrx_word' id='word_1_270' title='bbox 324 3579 456 3650; x_wconf 83' lang='grc' dir='ltr'><strong><em>ἀληθοῦς,</em></strong></span> <span class='ocrx_word' id='word_1_271' title='bbox 476 3576 562 3635; x_wconf 78' lang='grc' dir='ltr'><strong><em>ἀλλοις</em></strong></span> <span class='ocrx_word' id='word_1_272' title='bbox 579 3599 609 3633; x_wconf 84' lang='grc' dir='ltr'><strong><em>τε</em></strong></span> <span class='ocrx_word' id='word_1_273' title='bbox 628 3586 674 3632; x_wconf 81' lang='grc' dir='ltr'><strong><em>καί</em></strong></span> <span class='ocrx_word' id='word_1_274' title='bbox 692 3578 740 3632; x_wconf 80' lang='grc' dir='ltr'><strong><em>ἰὰν</em></strong></span> <span class='ocrx_word' id='word_1_275' title='bbox 758 3583 796 3648; x_wconf 81' lang='grc' dir='ltr'><strong><em>μη</em></strong></span> <span class='ocrx_word' id='word_1_276' title='bbox 814 3573 835 3654; x_wconf 76' lang='grc' dir='ltr'><strong><em>η’</em></strong></span> <span class='ocrx_word' id='word_1_277' title='bbox 852 3577 867 3632; x_wconf 86' lang='grc' dir='ltr'><strong><em>ὁ</em></strong></span> <span class='ocrx_word' id='word_1_278' title='bbox 885 3579 1061 3653; x_wconf 80' lang='grc' dir='ltr'><strong><em>τιμωρήσων.</em></strong></span> 
     </span>
    </p>

    <p class='ocr_par' dir='ltr' id='par_1_16' title="bbox 252 3667 1352 4248">
     <span class='ocr_line' id='line_1_37' title="bbox 326 3667 1350 3740; baseline 0.003 -20"><span class='ocrx_word' id='word_1_279' title='bbox 326 3667 388 3720; x_wconf 82' lang='lat' dir='ltr'><strong><em>Hoec</em></strong></span> <span class='ocrx_word' id='word_1_280' title='bbox 408 3685 486 3738; x_wconf 86' lang='lat' dir='ltr'>quum</span> <span class='ocrx_word' id='word_1_281' title='bbox 508 3667 543 3719; x_wconf 86' lang='lat' dir='ltr'><strong><em>sit</em></strong></span> <span class='ocrx_word' id='word_1_282' title='bbox 561 3669 752 3720; x_wconf 82' lang='lat' dir='ltr'>sententiarum</span> <span class='ocrx_word' id='word_1_283' title='bbox 773 3668 856 3719; x_wconf 83' lang='lat' dir='ltr'>series</span> <span class='ocrx_word' id='word_1_284' title='bbox 875 3668 943 3720; x_wconf 87' lang='lat' dir='ltr'>inter</span> <span class='ocrx_word' id='word_1_285' title='bbox 961 3685 1045 3739; x_wconf 87' lang='lat' dir='ltr'>seque</span> <span class='ocrx_word' id='word_1_286' title='bbox 1060 3687 1160 3733; x_wconf 84' lang='lat' dir='ltr'>nexus,</span> <span class='ocrx_word' id='word_1_287' title='bbox 1178 3670 1204 3722; x_wconf 89' lang='lat' dir='ltr'><strong><em>in</em></strong></span> <span class='ocrx_word' id='word_1_288' title='bbox 1222 3683 1350 3740; x_wconf 86' lang='lat' dir='ltr'>promptu</span> 
     </span>
     <span class='ocr_line' id='line_1_38' title="bbox 254 3748 1351 3826; baseline -0.001 -20"><span class='ocrx_word' id='word_1_289' title='bbox 254 3763 296 3807; x_wconf 79' lang='lat' dir='ltr'><strong><em>eet</em></strong></span> <span class='ocrx_word' id='word_1_290' title='bbox 316 3754 449 3824; x_wconf 79' lang='lat' dir='ltr'>suspicio,</span> <span class='ocrx_word' id='word_1_291' title='bbox 468 3754 501 3806; x_wconf 83' lang='lat' dir='ltr'><strong><em>ab</em></strong></span> <span class='ocrx_word' id='word_1_292' title='bbox 520 3754 687 3824; x_wconf 86' lang='lat' dir='ltr'>Antiphonte</span> <span class='ocrx_word' id='word_1_293' title='bbox 701 3755 739 3806; x_wconf 86' lang='lat' dir='ltr'><strong><em>sio</em></strong></span> <span class='ocrx_word' id='word_1_294' title='bbox 758 3754 885 3824; x_wconf 84' lang='lat' dir='ltr'>scriptum</span> <span class='ocrx_word' id='word_1_295' title='bbox 904 3770 980 3806; x_wconf 84' lang='lat' dir='ltr'>esse:</span> <span class='ocrx_word' id='word_1_296' title='bbox 998 3785 1010 3795; x_wconf 92' lang='lat'><strong>·</strong></span> <span class='ocrx_word' id='word_1_297' title='bbox 1029 3785 1041 3795; x_wconf 92' lang='lat'><strong>·</strong></span> <span class='ocrx_word' id='word_1_298' title='bbox 1059 3748 1168 3821; x_wconf 78' lang='grc' dir='ltr'><strong><em>οἱμὲν</em></strong></span> <span class='ocrx_word' id='word_1_299' title='bbox 1184 3757 1236 3826; x_wconf 77' lang='grc' dir='ltr'><strong><em>γάρ</em></strong></span> <span class='ocrx_word' id='word_1_300' title='bbox 1252 3751 1351 3807; x_wconf 79' lang='grc' dir='ltr'><strong><em>πολλοὶ</em></strong></span> 
     </span>
     <span class='ocr_line' id='line_1_39' title="bbox 254 3834 1349 3912; baseline 0.002 -22"><span class='ocrx_word' id='word_1_301' title='bbox 254 3835 385 3909; x_wconf 78' lang='grc' dir='ltr'><strong><em>ἀγῶνες·</em></strong></span> <span class='ocrx_word' id='word_1_302' title='bbox 402 3867 414 3881; x_wconf 92' lang='grc'>-</span> <span class='ocrx_word' id='word_1_303' title='bbox 433 3834 519 3906; x_wconf 85' lang='grc' dir='ltr'><strong><em>φόνον</em></strong></span> <span class='ocrx_word' id='word_1_304' title='bbox 543 3834 579 3890; x_wconf 71' lang='grc' dir='ltr'><strong><em>δὲ</em></strong></span> <span class='ocrx_word' id='word_1_305' title='bbox 608 3835 670 3906; x_wconf 87' lang='grc' dir='ltr'><strong><em>δίκη</em></strong></span> <span class='ocrx_word' id='word_1_306' title='bbox 700 3843 746 3890; x_wconf 84' lang='grc' dir='ltr'><strong><em>καὶ</em></strong></span> <span class='ocrx_word' id='word_1_307' title='bbox 771 3841 810 3906; x_wconf 81' lang='grc' dir='ltr'><strong><em>μη</em></strong></span> <span class='ocrx_word' id='word_1_308' title='bbox 833 3835 928 3908; x_wconf 77' lang='grc' dir='ltr'><strong><em>ὀρθῶς</em></strong></span> <span class='ocrx_word' id='word_1_309' title='bbox 942 3867 955 3881; x_wconf 87' lang='grc'><em>·</em></span> <span class='ocrx_word' id='word_1_310' title='bbox 971 3868 984 3882; x_wconf 85' lang='grc'><strong><em>·</em></strong></span> <span class='ocrx_word' id='word_1_311' title='bbox 1001 3868 1013 3882; x_wconf 92' lang='grc'>-</span> <span class='ocrx_word' id='word_1_312' title='bbox 1030 3869 1042 3883; x_wconf 92' lang='grc'>-</span> <span class='ocrx_word' id='word_1_313' title='bbox 1066 3838 1167 3912; x_wconf 84' lang='grc' dir='ltr'><strong><em>ἀνάγκη</em></strong></span> <span class='ocrx_word' id='word_1_314' title='bbox 1192 3840 1254 3907; x_wconf 71' lang='grc' dir='ltr'><strong><em>μὲν</em></strong></span> <span class='ocrx_word' id='word_1_315' title='bbox 1280 3843 1349 3912; x_wconf 78' lang='grc' dir='ltr'><strong><em>γὰρ,</em></strong></span> 
     </span>
     <span class='ocr_line' id='line_1_40' title="bbox 253 3919 1352 3997; baseline 0.002 -21"><span class='ocrx_word' id='word_1_316' title='bbox 253 3921 303 3976; x_wconf 80' lang='grc' dir='ltr'><strong><em>ε’ὰν</em></strong></span> <span class='ocrx_word' id='word_1_317' title='bbox 319 3919 376 3976; x_wconf 87' lang='grc' dir='ltr'><strong><em>κτλ.</em></strong></span> <span class='ocrx_word' id='word_1_318' title='bbox 414 3922 537 3976; x_wconf 87' lang='lat' dir='ltr'>Ceterum</span> <span class='ocrx_word' id='word_1_319' title='bbox 557 3942 662 3986; x_wconf 86' lang='lat' dir='ltr'>eorum,</span> <span class='ocrx_word' id='word_1_320' title='bbox 682 3943 739 3996; x_wconf 80' lang='lat' dir='ltr'><strong><em>que</em></strong></span> <span class='ocrx_word' id='word_1_321' title='bbox 758 3942 795 3976; x_wconf 87' lang='lat' dir='ltr'><strong><em>or.</em></strong></span> <span class='ocrx_word' id='word_1_322' title='bbox 813 3923 853 3977; x_wconf 79' lang='lat' dir='ltr'><strong><em>vl</em></strong></span> <span class='ocrx_word' id='word_1_323' title='bbox 871 3927 890 3992; x_wconf 53' lang='grc' dir='ltr'><strong><em>ἦ</em></strong></span> <span class='ocrx_word' id='word_1_324' title='bbox 909 3925 924 3976; x_wconf 89' lang='grc'>3</span> <span class='ocrx_word' id='word_1_325' title='bbox 944 3942 1003 3996; x_wconf 84' lang='lat' dir='ltr'>sqq.</span> <span class='ocrx_word' id='word_1_326' title='bbox 1023 3943 1056 3978; x_wconf 84' lang='lat' dir='ltr'><strong><em>ex</em></strong></span> <span class='ocrx_word' id='word_1_327' title='bbox 1083 3927 1135 3980; x_wconf 88' lang='lat' dir='ltr'><strong><em>hoo</em></strong></span> <span class='ocrx_word' id='word_1_328' title='bbox 1161 3927 1224 3980; x_wconf 86' lang='lat' dir='ltr'>loco</span> <span class='ocrx_word' id='word_1_329' title='bbox 1246 3927 1352 3997; x_wconf 84' lang='lat' dir='ltr'>repetiit</span> 
     </span>
     <span class='ocr_line' id='line_1_41' title="bbox 253 4009 1352 4085; baseline 0.006 -25"><span class='ocrx_word' id='word_1_330' title='bbox 253 4020 353 4072; x_wconf 85' lang='lat' dir='ltr'>orator,</span> <span class='ocrx_word' id='word_1_331' title='bbox 371 4009 439 4061; x_wconf 82' lang='lat' dir='ltr'>ratio</span> <span class='ocrx_word' id='word_1_332' title='bbox 470 4027 523 4062; x_wconf 88' lang='lat' dir='ltr'><strong><em>non</em></strong></span> <span class='ocrx_word' id='word_1_333' title='bbox 550 4010 585 4062; x_wconf 82' lang='lat' dir='ltr'><strong><em>ita</em></strong></span> <span class='ocrx_word' id='word_1_334' title='bbox 614 4019 769 4080; x_wconf 77' lang='lat' dir='ltr'>comparata</span> <span class='ocrx_word' id='word_1_335' title='bbox 795 4018 851 4073; x_wconf 84' lang='lat' dir='ltr'>est,</span> <span class='ocrx_word' id='word_1_336' title='bbox 878 4019 908 4063; x_wconf 87' lang='lat' dir='ltr'><strong><em>ut</em></strong></span> <span class='ocrx_word' id='word_1_337' title='bbox 934 4028 1039 4075; x_wconf 86' lang='lat' dir='ltr'>eorum,</span> <span class='ocrx_word' id='word_1_338' title='bbox 1067 4030 1124 4083; x_wconf 80' lang='lat' dir='ltr'><strong><em>que</em></strong></span> <span class='ocrx_word' id='word_1_339' title='bbox 1142 4013 1166 4064; x_wconf 88' lang='lat' dir='ltr'><strong><em>h.</em></strong></span> <span class='ocrx_word' id='word_1_340' title='bbox 1184 4013 1201 4066; x_wconf 93' lang='grc'><strong><em>1.</em></strong></span> <span class='ocrx_word' id='word_1_341' title='bbox 1219 4013 1352 4085; x_wconf 84' lang='lat' dir='ltr'>leguntur.</span> 
     </span>
     <span class='ocr_line' id='line_1_42' title="bbox 252 4092 1350 4168; baseline 0.005 -24"><span class='ocrx_word' id='word_1_342' title='bbox 252 4093 299 4144; x_wconf 84' lang='lat' dir='ltr'>Ilia</span> <span class='ocrx_word' id='word_1_343' title='bbox 319 4093 508 4156; x_wconf 73' lang='lat' dir='ltr'>enirn(VI,3t</span> <span class='ocrx_word' id='word_1_344' title='bbox 529 4094 607 4146; x_wconf 82' lang='lat' dir='ltr'>adid</span> <span class='ocrx_word' id='word_1_345' title='bbox 635 4102 736 4147; x_wconf 84' lang='lat' dir='ltr'>tantum</span> <span class='ocrx_word' id='word_1_346' title='bbox 768 4095 859 4148; x_wconf 86' lang='lat' dir='ltr'>referri</span> <span class='ocrx_word' id='word_1_347' title='bbox 886 4107 1016 4168; x_wconf 84' lang='lat' dir='ltr'>possunt,</span> <span class='ocrx_word' id='word_1_348' title='bbox 1042 4098 1067 4149; x_wconf 87' lang='lat' dir='ltr'><strong><em>iu</em></strong></span> <span class='ocrx_word' id='word_1_349' title='bbox 1095 4115 1148 4167; x_wconf 91' lang='lat' dir='ltr'><strong><em>quo</em></strong></span> <span class='ocrx_word' id='word_1_350' title='bbox 1178 4092 1350 4161; x_wconf 71' lang='lat' dir='ltr'>monstratur,</span> 
     </span>
     <span class='ocr_line' id='line_1_43' title="bbox 255 4173 863 4248; baseline 0.002 -18"><span class='ocrx_word' id='word_1_351' title='bbox 255 4173 315 4230; x_wconf 81' lang='grc' dir='ltr'><strong><em>δεῖν</em></strong></span> <span class='ocrx_word' id='word_1_352' title='bbox 332 4175 404 4230; x_wconf 73' lang='grc' dir='ltr'><strong><em>εἶναι</em></strong></span> <span class='ocrx_word' id='word_1_353' title='bbox 422 4181 473 4246; x_wconf 75' lang='grc' dir='ltr'><strong><em>τὴν</em></strong></span> <span class='ocrx_word' id='word_1_354' title='bbox 491 4175 571 4248; x_wconf 86' lang='grc' dir='ltr'><strong><em>δίκην</em></strong></span> <span class='ocrx_word' id='word_1_355' title='bbox 586 4180 656 4232; x_wconf 80' lang='grc' dir='ltr'><strong><em>κατά</em></strong></span> <span class='ocrx_word' id='word_1_356' title='bbox 671 4181 735 4235; x_wconf 75' lang='grc' dir='ltr'><strong><em>τοὺς</em></strong></span> <span class='ocrx_word' id='word_1_357' title='bbox 752 4177 863 4248; x_wconf 79' lang='grc' dir='ltr'><strong><em>νόμους.</em></strong></span> 
     </span>
    </p>
   </div>
   <div class='ocr_carea' id='block_1_5' title="bbox 0 0 1474 5026">
    <p class='ocr_par' dir='ltr' id='par_1_17' title="bbox 0 0 1474 5026">
     <span class='ocr_line' id='line_1_44' title="bbox 0 0 1474 5026; baseline 0 6"><span class='ocrx_word' id='word_1_358' title='bbox 0 0 1474 5026; x_wconf 95' lang='lat' dir='ltr'><strong><em> </em></strong></span> 
     </span>
    </p>
   </div>
  </div>
 </body>
</html>
