2940 5026
229 379 272 444 84

178 549 270 615 ἐστιν
290 543 529 612 ἀποδέδεικται·
552 545 585 612 εί
605 548 649 612 δέ
668 567 719 620 τις
740 545 807 610 κτλ
852 546 896 609 id.
920 545 960 625 V,
983 545 1025 611 85
1041 539 1105 611 ὅσα
1119 545 1193 630 μὲν
1212 535 1285 613 odo

179 649 216 716 ἐκ
239 651 303 713 τάν
344 651 637 735 κατηγορηθέντων
669 652 853 735 μέμνημαι,
877 637 903 710 ἀ
925 645 1053 734 ἀνδρες,
1076 644 1280 735 ἀπολελόγη-

179 772 261 833 μαι·
285 743 378 833 οἶμαι
399 746 430 814 δ’
451 743 535 814 εἶναι
559 757 612 827 (ex
642 750 727 834 conj.
750 749 916 830 Scheibei)
945 747 1037 831 ὑμῶν
1059 746 1287 837 ἀποψηφίσα-
1344 740 1345 744 ’

180 857 273 917 σθαι.
318 853 365 917 Id.
388 851 430 927 V,
453 852 494 916 79
517 846 539 915 ἀ
561 850 632 933 μὲν
654 840 726 916 οὖν
746 850 829 932 μετὰ
851 853 908 936 τής
924 849 1054 924 πόλεως
1066 843 1144 937 ὅλης
1154 847 1281 939 ἀνάγκη

179 954 304 1035 μᾶλλον
336 947 359 1042 ή
392 954 500 1041 γνώμη
533 954 655 1040 ἔπραξε
683 989 695 1002 -
723 990 736 1001 -
764 990 777 1001 -
804 947 826 1016 ἀ
857 952 899 1017 δὲ
933 951 1000 1038 ἰδία
1032 953 1100 1016 κτλ.
1122 954 1178 1033 (eb
1200 952 1283 1030 ἐξετ.

181 1055 224 1120 nd
248 1054 403 1135 ἐπίλλ-
416 1058 444 1121 Α
458 1053 770 1143 προκαταλήψει
788 1053 830 1117 ad
847 1053 1040 1135 ἐπίλογον
1053 1053 1186 1138 Antiph.
1201 1053 1279 1127 1‚3t

180 1155 254 1237 ἐμοὶ
286 1155 359 1238 μὲν
391 1145 461 1221 οὖν
493 1156 645 1243 ἀιήγηται
667 1153 721 1219 καὶ
744 1154 947 1242 βεβοήθηται
968 1157 1014 1239 τῷ
1035 1156 1194 1220 τεθνεῶτι
1226 1152 1284 1219 καὶ

180 1260 226 1340 τῷ
247 1258 348 1341 νόμῳ·
371 1257 407 1322 ἐν
428 1252 559 1339 ὑμῖνά
585 1255 656 1320 ἐστὶ
678 1264 818 1321 σκοπεῖν
839 1257 906 1320 κτλ.
951 1257 999 1320 Id.
1031 1257 1082 1331 ΙΙΙ,
1105 1278 1141 1337 α,
1156 1256 1176 1321 2
1191 1255 1285 1322 intio·

180 1381 221 1423 τα
252 1357 323 1439 μὲν
360 1347 428 1423 otio
450 1354 511 1422 οάκ
533 1357 679 1422 ἐπικαλῶ
701 1354 909 1436 ἀποκτεῖναι,
931 1355 1052 1423 ἄκοντα
1072 1360 1118 1423 δέ·
1148 1356 1224 1441 ἐμοὶ
1240 1357 1285 1425 ἀὲ

180 1460 247 1524 κτλ.
260 1459 287 1499 ⁸⁹
333 1460 379 1524 Id.
403 1461 459 1531 IV,
482 1466 518 1546 β,
540 1461 561 1523 8
585 1459 714 1533 τούτοις
737 1459 808 1541 μὲν
830 1449 900 1523 οὖν
924 1458 943 1523 ὁ
966 1459 1048 1533 θεὸς
1071 1459 1210 1547 ἐπιθείη
1221 1459 1285 1549 τήν

181 1562 285 1648 δίκην·
309 1558 394 1642 ὑμᾶς
416 1561 456 1627 δὲ
478 1560 540 1649 χρή
565 1561 631 1624 κτλ.
649 1601 677 1610 -
702 1563 737 1625 ln
761 1562 941 1625 minoribus
965 1583 1098 1646 quoque
1121 1562 1283 1626 orationis

179 1664 328 1746 pertibus
357 1664 429 1728 haee
452 1664 602 1728 transitio
626 1663 797 1726 iuvenitur.
844 1663 880 1725 ln
902 1662 1122 1746 prooemio
1146 1661 1283 1746 Antiph.

180 1768 214 1837 11,
236 1768 266 1846 β,
291 1766 311 1828 4
334 1762 438 1829 ἄθλια
459 1763 532 1847 μὲν
554 1753 624 1827 οὖν
646 1757 927 1842 πάσχω--ὅμως
948 1761 990 1827 ἀὲ
1013 1760 1067 1826 καὶ
1089 1763 1186 1826 τοῦτο
1209 1760 1285 1830 ἐπι·Ι

181 1871 360 1954 χειρητὲον.
405 1866 452 1929 ld.
474 1866 514 1941 ΙΙ,
537 1886 566 1945 γ,
593 1867 605 1929 l
634 1863 675 1937 ὡς
695 1865 768 1945 μὲν
791 1853 975 1936 οὗν--ώς
996 1863 1177 1937 ‹te--.1V‚
1199 1865 1282 1943 α,5

251 2084 286 2136 89
322 2085 409 2154 Hujus
428 2086 480 2138 looi
499 2087 581 2147 tutio,
600 2089 623 2142 si
642 2087 792 2140 accuratius
811 2085 967 2154 explicatur,
995 2085 1033 2137 sio
1052 2083 1108 2137 fere
1127 2092 1286 2155 comparate

182 2176 233 2222 est.
267 2169 338 2222 Μὲν
356 2161 412 2222 odo
431 2173 456 2223 in
476 2190 516 2223 ru.
535 2167 616 2239 οἶμαι
634 2170 696 2238 μὲν
713 2162 773 2223 οὖν
791 2166 856 2222 οὐδὲ
875 2165 1099 2236 ἀμφισβητήσειν
1115 2164 1172 2220 κτλ.
1209 2169 1238 2233 (ss
1257 2168 1287 2234 1)

183 2254 272 2307 denuo
291 2255 316 2304 in
336 2274 375 2306 vv.
394 2253 491 2307 ἑκόντα
511 2254 573 2321 μὲν
591 2246 650 2307 οὖν
674 2253 721 2307 οὐκ
743 2251 864 2306 ἰπικαλῶ
892 2254 1041 2316 resumitur,
1061 2247 1100 2303 ἀί
1115 2254 1139 2304 in
1160 2271 1199 2306 vv.
1218 2249 1285 2321 ἐμοὶ

183 2334 220 2391 ἀὲ
245 2335 293 2390 οὐκ
311 2336 416 2390 ε’λάααοι
442 2341 546 2410 utrique
564 2338 628 2407 μὲν
650 2330 709 2392 οὖν
726 2338 887 2409 respondet,
906 2332 937 2390 δέ
955 2338 981 2390 in
1000 2356 1040 2389 vv.
1060 2332 1162 2389 ἄκοντα
1182 2334 1215 2390 δέ
1232 2338 1286 2390 soii

181 2423 234 2490 μὲν
255 2413 303 2474 οὖν
320 2425 344 2475 iu
364 2442 403 2475 vv.
423 2421 520 2476 ἑκόντα
537 2424 589 2492 μὲν
609 2414 656 2476 οὖν
672 2420 728 2476 κτλ.
764 2424 846 2478 Unde
869 2435 994 2494 apparet,
1023 2425 1090 2476 inter
1117 2422 1191 2491 prius
1219 2420 1285 2474 iliud

181 2506 233 2575 μὲν
251 2498 298 2560 οὖν
325 2518 350 2560 et
378 2507 430 2562 hoo
458 2511 594 2580 posterius
619 2505 650 2561 ἀί
673 2519 757 2560 totam
778 2509 911 2580 quendem
931 2509 1061 2560 orationis
1081 2517 1184 2576 partem
1203 2511 1285 2576 (προο

181 2591 347 2664 κατάληψιν)
364 2596 530 2664 interjectum
549 2611 620 2647 esse.
656 2594 759 2646 Eodem
780 2595 862 2647 modo
882 2595 985 2646 Andos.
1006 2593 1026 2653 1,
1041 2591 1285 2645 noenu-115

181 2678 289 2744 Πρῶτοι
306 2679 368 2744 μέν
385 2670 545 2732 οὖντοῦτο
568 2671 596 2729 εί
612 2674 705 2743 ἀληθῆ
722 2675 806 2746 λέγω,
824 2708 836 2720 -
853 2707 865 2722 -
884 2678 1062 2746 {interjectum
1080 2688 1123 2729 est
1142 2693 1284 2748 argumen-

182 2769 237 2812 ttnn
257 2758 287 2812 ἐκ
302 2761 351 2813 τοῦ
370 2756 491 2825 εἰκότος]
510 2790 522 2805 -
540 2789 551 2804 ·
569 2758 666 2827 ἐπειδὴ
685 2758 709 2814 d'
729 2760 802 2833 ἔλεγε
819 2762 854 2835 τῇ
872 2759 958 2835 βουλῇ
975 2792 988 2806 ·
1004 2791 1030 2814 ·.
1067 2761 1220 2815 Consimilis
1242 2762 1284 2814 Ιο-

183 2862 231 2898 οαε
250 2854 294 2897 est
311 2847 419 2917 Antiph.
440 2847 487 2910 Vl,
508 2849 538 2898 13
557 2861 623 2900 extr.
643 2865 683 2918 sq.
701 2845 867 2913 καθεστήκει
885 2847 949 2914 μὲν
965 2844 982 2914 ή
1001 2849 1120 2919 χορηγία
1142 2844 1224 2899 οὕτω.
1243 2875 1255 2890 -
1273 2875 1285 2890 -

181 2930 296 3002 πρῶτον
320 2930 383 2998 μὲν
409 2923 466 2984 οὖν
492 2928 633 2993 ἀποδείξω
662 2935 690 2998 (ss
713 2934 754 2996 15)
771 2961 810 2975 --
836 2929 1048 3004 μεμαρτάρηται
1077 2931 1139 2999 μὲν
1168 2921 1287 2994 oriones*

184 3011 284 3086 ἄνδρες
302 3015 331 3078 (ss
352 3016 434 3083 16)..
453 3047 464 3057 ·
484 3013 515 3077 ἐξ
533 3013 622 3067 αὐτῶν
641 3011 676 3067 ti
694 3013 800 3068 τούτων
816 3018 867 3088 χρή
887 3019 1008 3077 σκοπεῖν,
1028 3017 1072 3069 ubi
1091 3018 1158 3069 inter
1176 3015 1239 3083 μὲν
1255 3026 1284 3069 et
1346 3020 1349 3025 '

181 3098 243 3166 μὲν
261 3091 317 3152 οὖν
335 3103 409 3171 prius
429 3101 491 3152 iilud
512 3101 651 3153 intercedit
664 3102 771 3153 testium
784 3103 956 3171 provocatio,
976 3104 1043 3155 inter
1060 3099 1202 3172 utrumque
1219 3099 1284 3168 μὲν

184 3176 243 3236 οὖν
261 3186 400 3254 interjacet
417 3183 555 3257 πρόθεσιν
573 3197 599 3238 et
617 3188 773 3258 μαρτυρία,
796 3188 907 3240 roribus
926 3185 957 3249 ἐξ
974 3184 1065 3239 αὐτῶν
1083 3182 1117 3240 ἀὲ
1137 3183 1194 3239 κτλ.
1211 3181 1284 3255 πρό·

181 3269 262 3322 deors
279 3271 429 3322 resumitur.
475 3269 564 3333 Quare
583 3261 641 3323 οὖν
657 3273 682 3324 in
711 3275 799 3342 priore
826 3274 871 3324 iilo
892 3271 953 3338 μὲν
971 3263 1029 3324 οὖν
1047 3271 1196 3341 respondet
1223 3271 1284 3323 roei

181 3352 244 3419 μὲν
265 3354 290 3404 in
308 3351 474 3418 καθεστήκει
491 3354 543 3421 μέν
564 3351 581 3420 ἡ
605 3358 722 3426 χορηγία
745 3355 827 3408 οὕτω.
864 3357 991 3409 Similiter
1010 3349 1057 3409 οὖν
1074 3356 1204 3426 portionis
1223 3356 1283 3409 vooi

181 3440 233 3505 μέν
252 3439 402 3507 respondet
426 3455 467 3508 op.
486 3440 594 3508 Antiph.
613 3440 660 3496 lv,
679 3460 705 3501 α,
732 3443 799 3491 1-2
823 3438 993 3506 Νενόμ-ιοται
1014 3441 1075 3510 μέν
1099 3439 1196 3511 doddo
1214 3469 1226 3484 ·
1243 3469 1255 3484 ·
1272 3469 1286 3484 ·

183 3519 259 3578 doras
278 3514 336 3576 οάν
358 3520 463 3575 τούτων
487 3519 607 3576 ἀπὸτοῦ
631 3525 700 3577 θεοῦ
721 3521 777 3577 κτλ.
816 3525 853 3577 id.
872 3523 906 3583 V.
926 3523 959 3574 37
979 3517 1006 3575 εἶ
1024 3524 1088 3592 μέν
1112 3528 1165 3595 γὰρ
1184 3522 1214 3577 ίκ
1231 3523 1283 3579 τοῦ

183 3602 290 3662 sindono
306 3638 318 3652 ·
335 3637 347 3652 ·
363 3638 375 3651 -
397 3607 447 3673 rtis
472 3610 533 3678 μὲν
554 3599 614 3661 οὖν
642 3605 775 3676 ἀληθείας
795 3607 851 3662 κτλ.
889 3609 929 3662 Id.
947 3610 962 3662 Ι.
981 3610 996 3663 Ι.
1014 3611 1033 3677 β
1051 3607 1156 3662 31-33
1181 3607 1197 3662 d
1222 3608 1285 3677 μὲν

181 3697 235 3765 γὰρ
254 3688 366 3756 δοῦλοι,
397 3686 420 3761 qi
443 3696 509 3750 i'owt
532 3687 609 3748 οὗτοι
625 3725 637 3739 -
654 3725 666 3739 -
682 3725 694 3738 ·
712 3693 844 3764 ἴσονμὲν
862 3685 1007 3763 οάνμετά
1030 3693 1150 3768 χρηστήν
1170 3690 1284 3750 &talou

182 3775 240 3831 κτλ.
276 3778 322 3842 ΙΙΙ,
342 3779 410 3830 ’2-3
429 3784 475 3832 καλ
492 3781 556 3833 τοία
576 3778 843 3848 nivedunus-n
865 3777 880 3832 ri
899 3780 962 3848 μέν
981 3771 1038 3833 orio
1061 3777 1135 3849 ἀγὼν
1152 3777 1283 3848 ε’μοΙμί·

181 3881 273 3934 ymos
291 3893 304 3907 ·
320 3893 332 3906 ·
351 3860 471 3934 ἡγοῦμαι
489 3867 608 3932 μέντοι
625 3884 655 3935 γε
676 3862 733 3917 κτλ.
771 3866 817 3929 ΙἸ,
836 3865 871 3918 12
888 3865 1002 3936 πρῶτον
1018 3863 1079 3933 μὲν
1094 3891 1107 3907 ·
1121 3892 1134 3906 ·
1149 3861 1202 3933 ἰγν)
1219 3863 1285 3932 pis

184 3940 222 4000 οὔ
229 3967 245 3998 ν
262 3977 274 3990 -
291 3977 303 3992 -
320 3951 474 4015 κατέστησα
493 3945 540 4002 ἀί.
578 3941 632 4002 Orio
651 3953 729 4022 igitur
747 3952 903 4022 perticulam
922 3951 1023 4004 rddere
1041 3957 1149 4020 poteret
1160 3948 1284 4021 Kruegor

184 4035 229 4088 Gr.
250 4035 295 4089 Gr.
316 4036 335 4098 1,
354 4033 397 4096 69,
415 4032 456 4096 35,
475 4030 492 4084 3
511 4035 542 4086 iis
562 4037 712 4105 partientis,
739 4055 807 4108 ques
835 4036 950 4089 subinde
974 4044 1071 4106 preter
1090 4029 1122 4087 δέ
1142 4043 1169 4088 et
1185 4035 1284 4102 μίντοι

185 4122 243 4172 roei
261 4123 313 4187 μέν
330 4118 496 4192 respondere
516 4118 603 4172 docet,
