2940 5026
232 387 270 452 16

185 554 272 635 Quid
306 556 339 639 in
368 555 430 619 bac
454 553 635 640 disciplinae
658 553 833 626 rhetoricae
856 565 950 640 parte
971 553 1137 639 prioribus
1161 551 1282 618 debent

184 658 420 733 Anaximenes,
453 657 532 741 quid
567 657 609 721 de
642 679 704 720 suo
737 657 928 742 promserit,
951 655 1084 720 difficile
1107 655 1197 720 dictu
1220 665 1281 720 est.

183 759 300 841 Neque
333 759 417 822 enim
450 759 654 842 posteriores
688 759 750 823 bac
778 758 820 822 de
843 781 878 822 re
902 759 982 822 satis
1006 757 1163 822 credibile
1186 755 1282 842 quid·

184 880 280 943 quam
304 860 467 924 memoriae
490 860 725 944 prodiderunt,
749 874 856 933 etse,
880 879 955 942 quae
971 860 1098 944 priores
1118 859 1183 943 ipsi
1198 878 1282 942 prae·

184 972 355 1046 ceperunt,
389 982 489 1044 quum
521 961 759 1031 interciderint.
793 982 834 1024 ex
856 961 896 1023 iis
919 960 1107 1045 colligenda
1129 968 1162 1024 et
1185 959 1282 1044 quasi

183 1062 375 1148 auguranda
398 1071 489 1131 sunt.
513 1084 587 1146 qnae
611 1061 764 1145 dispersa
787 1072 820 1125 et
836 1062 910 1125 loco
927 1083 989 1124 suo
1005 1071 1094 1124 mota
1109 1061 1174 1124 alia
1189 1057 1281 1144 apud

182 1165 266 1227 alios
290 1165 470 1247 scriptores
493 1162 707 1247 reperiuntur.
753 1163 802 1227 De
825 1185 932 1225 rernm
957 1162 1175 1247 dispositione
1204 1170 1283 1226 ante

183 1265 415 1329 Anaximenem
449 1265 652 1348 disputatum
685 1285 760 1328 esse
793 1263 923 1327 videtur
951 1285 970 1326 a
994 1265 1118 1328 Corace
1142 1264 1282 1327 maxime

184 1375 216 1429 et
239 1387 258 1429 a
280 1364 462 1429 Theodoro
497 1365 656 1451 Byzantio
690 1367 811 1450 iisque,
846 1366 901 1449 qui
925 1388 997 1428 curn
1021 1367 1077 1429 illo
1101 1364 1281 1439 faciebant,

184 1479 217 1530 et
239 1468 280 1529 ab
304 1467 459 1531 Isocrate.
504 1465 569 1546 Qui
604 1467 645 1531 de
679 1468 828 1551 pertibus
864 1467 1021 1531 orationis
1045 1487 1064 1529 a
1088 1465 1212 1530 Corace
1235 1465 1282 1529 in·

183 1567 292 1632 ductis
326 1568 450 1652 aliquid
484 1568 705 1640 tradiderunt,
740 1568 825 1632 adeo
860 1568 1050 1652 perturbate
1074 1577 1106 1630 et
1129 1577 1282 1631 contorte

183 1668 369 1755 disputant,
392 1679 441 1743 ut,
465 1667 546 1753 quid
568 1669 632 1753 ipsi
655 1670 766 1753 potins
790 1668 832 1731 de
853 1669 942 1731 illius
964 1691 1071 1732 rerum
1088 1668 1282 1754 dispositio·

182 1793 223 1834 ne
256 1773 428 1845 sentirent,
462 1792 559 1855 quam
592 1769 672 1853 quid
705 1769 814 1834 Corax
848 1771 1054 1854 praeciperet,
1083 1771 1115 1834 io
1139 1771 1281 1835 medium

181 1872 363 1956 protulisse
387 1871 565 1935 videantur.
612 1873 846 1957 Anonymus
881 1868 1064 1957 Προλεγόμ.
1098 1874 1162 1935 τόν
1184 1871 1278 1936 στόσ.
1317 1861 1320 1865 ’

182 1973 260 2049 Vll,
284 1973 303 2037 6
326 1973 432 2037 Walz.
466 1968 576 2059 Κόραξ
608 1960 667 2036 οὖν
699 1972 832 2044 συνετὸς
863 1966 945 2059 οἷνήρ
978 1995 1027 2045 τις
1053 1970 1107 2037 καὶ
1129 1973 1279 2060 χρῆσθαι

181 2074 371 2162 πράγμασιν
404 2072 529 2154 ἱκανὸς,
553 2072 707 2153 σννιόόνν,
741 2067 793 2137 ότι
820 2069 881 2152 οὐχ
906 2067 1021 2154 ὅμοιον
1042 2073 1187 2159 τυράννῳ
1210 2075 1280 2140 δια·

181 2179 354 2240 πονεῖσθαι
377 2173 431 2239 καὶ
453 2174 560 2262 δῆμον
583 2173 712 2260 γνώμην
733 2173 976 2260 χειρώσασθαι,
998 2170 1159 2240 ἀπελθὼν
1187 2179 1279 2240 σονί·

181 2280 269 2363 θηκε
294 2279 411 2362 τέχνην
432 2273 511 2361 περὶ
533 2276 761 2361 προοιμίων
783 2272 837 2338 καὶ
859 2274 1084 2363 διηγήσεων
1110 2274 1165 2340 καί
1188 2271 1280 2357 dyei-

180 2399 257 2442 νων
280 2374 335 2440 καὶ
357 2374 565 2456 ἐπιλόγων.
600 2375 771 2440 Troilus
805 2375 989 2462 Προλεγόμ.
1013 2375 1122 2465 ῥητορ.
1150 2377 1214 2451 VI,
1236 2380 1278 2445 49

180 2477 287 2544 Walz.
317 2515 355 2527 --
376 2475 560 2564 ἐμηχανᾶτο
596 2475 727 2563 (Κόραξ)
761 2476 801 2540 τὰ
835 2481 1034 2565 προοίμια
1057 2517 1094 2530 --
1116 2473 1187 2545 εἶτα
1218 2479 1280 2569 τὴν

181 2579 506 2667 προκατάστασιν
520 2615 558 2630 --
572 2577 632 2666 τὴν
651 2578 687 2642 δὲ
712 2578 954 2644 κατάστασιν
976 2617 1015 2630 ·-
1033 2581 1109 2654 τούς
1130 2581 1166 2646 δὲ
1188 2578 1279 2663 ἄγω-

180 2703 248 2754 νας
269 2718 308 2733 --
338 2674 409 2745 εἶτα
441 2680 500 2768 τὴν
533 2684 784 2767 παρέκθεσιν
808 2681 881 2766 (leg.
904 2685 1120 2767 παρέκβασιν)
1143 2719 1180 2732 --
1201 2682 1278 2755 τοῦς

181 2780 218 2846 δὲ
239 2780 455 2862 ἐπιλόγους
558 2784 680 2846 Anon.
703 2781 886 2869 Προλεγόμ.
910 2786 967 2870 τῆς
978 2782 1150 2870 Ἕρμογέν.
1166 2782 1276 2872 ῥητορ.

181 2883 238 2960 IV,
265 2884 303 2948 12
326 2883 396 2958 W,
420 2903 516 2967 quem
540 2905 642 2969 supra
674 2884 897 2959 laudavimus,
930 2887 1168 2972 προοίμιον,
1200 2885 1280 2973 διή-

181 3003 314 3073 γησιν,
337 2981 480 3066 ἀγῶνα,
509 2989 773 3073 παρέκβασιν,
795 2986 996 3067 ἐπίλογον.
1034 2987 1279 3071 Doxopater

181 3086 364 3174 Προλεγόμ.
389 3087 451 3163 VI,
477 3088 514 3152 13
531 3085 601 3165 W.,
618 3110 715 3173 quem
731 3099 762 3151 et
777 3088 886 3172 ipsum
903 3110 1004 3172 supra
1026 3089 1280 3164 nominavimus,

182 3191 416 3274 προοίμιον,
450 3184 616 3269 α’γῶνας,
652 3187 852 3267 ἐπίλογον.
897 3187 989 3251 ldem
1023 3200 1130 3252 autem
1159 3189 1223 3253 alio
1246 3189 1280 3253 in

182 3309 298 3371 opere,
321 3288 412 3370 qnod
436 3299 488 3352 est
506 3287 658 3370 Ὃμιλίαι
678 3287 726 3361 εἰς
744 3287 931 3371 Ἃφθόνιον
954 3289 998 3365 ll,
1018 3290 1076 3354 119
1092 3290 1199 3355 Walz.
1216 3288 1279 3355 Co·

182 3389 248 3452 raci
266 3390 377 3453 tribuit
397 3393 632 3477 προοίμιον,
655 3388 864 3478 διήγησιν,
886 3386 1053 3471 ἀγῶνας,
1076 3391 1279 3471 ἐπίλογον.

181 3491 250 3556 Sed
284 3503 464 3556 memoratu
493 3493 625 3578 dignum
650 3500 715 3566 est,
739 3505 859 3576 praeter
882 3493 1112 3578 Dexopatrum
1135 3495 1167 3557 in
1190 3499 1279 3579 Προ-

179 3593 289 3676 λεγομ.
313 3595 451 3658 alterum
474 3593 636 3679 Epitomae
658 3595 832 3660 rhetoricae
855 3594 1018 3680 quendam
1042 3605 1209 3659 auctorem
1224 3594 1277 3669 Ill,

180 3695 244 3762 610
265 3695 321 3762 W.
345 3698 502 3762 orationis
525 3699 557 3762 io
582 3707 649 3762 tres
672 3707 784 3783 partes
809 3695 1001 3760 divisionem
1023 3718 1041 3760 a
1061 3695 1185 3762 Corace
1200 3718 1278 3781 pro·

180 3796 298 3862 fectsm
322 3799 466 3863 tradere:
498 3800 540 3886 τῇ
562 3797 718 3887 ῥητορικῇ
739 3800 869 3886 πρόπας
889 3797 924 3864 ἐν
949 3799 1084 3884 Σικελίᾳ
1108 3797 1126 3862 ό
1149 3794 1277 3884 Σνῤῥα·

180 3896 313 3972 κοόσιος
345 3897 454 3985 Κόραξ
480 3899 657 3987 ἐχρήσατο,
679 3901 840 3988 προοίμια
859 3903 976 3966 τετοῦ
999 3902 1105 3983 λέγειν
1126 3898 1277 3986 &peronio

180 3997 237 4065 καὶ
268 3995 420 4081 ἀγῶνας
451 3998 508 4065 καί
540 3999 765 4082 ἐπιλόγους.
810 4003 964 4077 Accedit,
987 4001 1081 4086 quod
1103 4023 1144 4066 ex
1167 4021 1278 4066 nerra·

181 4100 270 4167 tione
291 4101 363 4182 ills,
386 4121 484 4189 quam
505 4101 716 4189 Anonymum
736 4100 794 4180 IV,
820 4102 873 4181 12,
895 4101 1002 4170 8-16
1023 4101 1079 4168 W.
1109 4111 1143 4169 et
1164 4101 1278 4167 Dexo·
