2940 5026
223 415 265 480 64

201 595 231 666 y)
255 585 288 671 a)
312 582 440 646 Mecum
464 593 556 647 erant
579 592 768 668 propterea,
793 581 882 667 quod
907 603 926 645 a
948 604 999 644 mc
1022 603 1158 666 puerum
1177 583 1274 647 inter·
1302 610 1311 638 ·.

242 686 364 750 fectum
376 706 451 747 esse
464 706 528 747 non
542 696 695 768 put-arent
704 722 740 732 -
751 684 810 747 sed
824 684 947 767 perjuri
959 683 1095 747 erant⁵².
1108 683 1125 766 ξ
1136 683 1273 748 46-48.

222 788 283 875 b)A
296 787 439 871 peristis,
450 786 579 870 poletis‚
592 787 799 869 praetoribus
817 806 995 867 eorumque
1010 785 1191 848 subscribis
1201 806 1273 868 per·

243 890 323 951 moti
357 911 407 950 me
442 910 527 951 nunc
562 888 671 951 denuo
700 896 904 950 accusarunt.
951 885 1014 964 Qui
1038 885 1195 971 impedire
1218 908 1268 948 me

244 990 433 1074 cupiebant,
465 991 639 1073 quominus
670 987 712 1050 de
741 987 933 1071 repetundis
957 988 1051 1072 ipsos
1074 1008 1271 1050 accusarem.

246 1092 423 1169 stu-50.

223 1193 247 1271 ³)
272 1191 367 1255 Unde
401 1190 550 1253 effectum
574 1202 638 1262 est,
663 1210 721 1250 eos
748 1197 780 1250 et
803 1187 936 1251 fallaces
962 1200 995 1252 et
1019 1211 1120 1253 vanos
1144 1199 1176 1253 et
1199 1212 1274 1274 per-

238 1294 335 1378 juros
360 1313 434 1355 esse
451 1289 714 1368 -ἐπίλογος-
738 1290 755 1374 §
779 1291 828 1353 51.

266 1394 318 1458 Ex
342 1394 404 1477 hae
427 1392 526 1476 hujus
551 1393 707 1454 orationis
732 1390 953 1475 descriptione
977 1403 1124 1476 apparet,
1146 1394 1276 1456 uuiver-

181 1519 228 1562 sae
262 1495 401 1560 orationi
435 1494 599 1578 epilogum
623 1493 750 1557 deesse.
796 1493 906 1572 Quare
930 1495 1086 1557 Maetzuer
1109 1505 1199 1559 recte
1222 1517 1278 1559 ne·

180 1620 278 1684 gesse
322 1595 489 1681 putandus
519 1604 580 1686 ,est
614 1593 804 1673 (Comment.
839 1618 870 1679 p.
905 1596 989 1676 247),
1011 1597 1168 1681 integram
1192 1597 1277 1660 hanc

179 1698 436 1783 Antiphonteam
466 1696 507 1759 de
530 1695 675 1780 chorago
699 1697 879 1759 orationem
902 1695 944 1758 ad
969 1711 1114 1761 nostram
1147 1709 1276 1762 aetatem

182 1802 382 1887 pervenisse.
429 1799 495 1861 Vix
528 1808 635 1861 autem
659 1798 830 1880 probabile
863 1807 928 1869 est,
952 1798 1026 1882 plus
1052 1820 1148 1882 quam
1171 1800 1276 1884 ipsam

181 1902 422 1988 perorationem
456 1901 589 1972 deesse,
624 1898 786 1982 siquidem
817 1901 979 1975 omnibus
1003 1921 1208 1985 quaecunque
1231 1897 1278 1963 af-

181 2003 266 2068 ferre
301 2024 386 2087 opus
422 2010 526 2075 esset,
557 2002 754 2086 argumentis
779 2023 798 2064 a
822 2024 858 2064 se
883 2002 1093 2066 adversarios
1116 2001 1278 2065 refutatos

181 2127 364 2180 assereus
388 2104 460 2188 ipse
485 2103 570 2166 dicit
617 2101 663 2166 Cf.
688 2102 705 2185 ξ
729 2102 778 2166 20.
803 2103 852 2166 33.

266 2204 337 2268 Jam
360 2205 393 2267 in
417 2206 508 2269 brevi
533 2214 714 2286 conspeetu
739 2203 855 2285 positis
873 2205 1077 2268 orationibus
1093 2205 1279 2288 Antiphon-

73 2366 86 2386 ,
181 2308 258 2380 teis,
283 2316 332 2379 ut,
356 2325 430 2386 quae
454 2324 561 2365 rerum
584 2304 616 2363 in
639 2303 678 2363 iis
703 2301 879 2384 dispositio
903 2317 1007 2379 esset,
1026 2306 1278 2389 perspiceretur,

182 2406 225 2470 ad
248 2405 430 2470 Andocidis
455 2414 658 2466 transeamus

215 2506 450 2571 Orationem
475 2505 513 2587 (l)
538 2526 635 2578 eam,
659 2524 746 2587 quae
770 2503 818 2566 de
842 2508 1055 2592 mysteriis
1079 2505 1241 2569 dicitur.

267 2609 297 2672 A
321 2607 420 2671 Critia
442 2606 574 2690 pellecti
598 2616 630 2668 et
652 2606 796 2689 instigati
820 2618 897 2669 sunt
920 2607 1103 2691 Cephisius,
1127 2607 1279 2682 llleletus

182 2709 378 2793 Epichares‚
412 2705 614 2792 AgyrrlriuS‚
644 2715 679 2768 ut
708 2728 768 2789 per
796 2706 932 2782 ἔνδειξιν
954 2708 1160 2772 Andocidem
1183 2729 1278 2772 accu-

182 2820 307 2884 sarent,
342 2807 434 2892 quod
468 2807 617 2891 quamvis
645 2804 778 2870 infamia
801 2819 934 2870 notatus
958 2808 1000 2872 ad
1024 2812 1179 2895 mysteria
1202 2831 1280 2873 con-

183 2909 381 2976 celebranda
409 2909 588 2972 accederet.
635 2907 752 2972 Critias
776 2908 959 2973 Andocidis
981 2912 1282 2995 propinquuserat‚

183 3015 297 3096 iraque
321 3021 353 3075 et
374 3010 496 3074 invidia
518 3011 551 3073 in
575 3032 647 3074 eum
671 3009 812 3096 flagrans
836 3011 887 3074 his
901 3013 1069 3074 calumniis
1083 3034 1154 3074 eum
1169 3012 1278 3095 oppri-

183 3152 241 3200 Kar
259 3143 352 3200 εἰσιών
364 3151 411 3197 καὶ
424 3145 501 3198 θύων
519 3149 678 3217 epexegesis
692 3163 773 3198 causa
793 3146 827 3198 ad
845 3144 975 3215 reprimor
992 3146 1114 3215 pertinet,
1132 3143 1282 3217 npurursri·

184 3249 233 3286 uur
251 3232 336 3301 (quod
364 3248 417 3282 nou
447 3232 539 3282 mutari
569 3231 659 3295 debet)
688 3232 841 3299 appositum
869 3241 912 3280 est
939 3231 972 3282 ed
999 3235 1045 3281 καὶ
1065 3225 1217 3300 ἱεροποιῶν
1233 3235 1280 3282 καὶ

182 3313 260 3366 θύων
278 3314 453 3366 referendum.
490 3315 529 3366 Cl.
548 3315 647 3384 Krueg.
667 3313 712 3365 Gr.
732 3313 777 3367 Gr.
796 3313 815 3373 Ι,
835 3312 875 3374 56,
898 3313 936 3375 15,
956 3314 980 3366 2.

255 3399 288 3449 52
325 3397 392 3465 §46
411 3429 422 3440 -
441 3427 453 3437 ·
472 3403 517 3448 nul
538 3393 616 3449 ἱκανά
639 3394 660 3465 γ’
686 3387 720 3461 ἤν
746 3391 912 3461 ὑπομνῆσαι.
960 3400 1064 3449 Καίτοι
1081 3417 1130 3469 pro
1147 3400 1196 3450 καί
1216 3413 1282 3469 post

184 3484 273 3537 Reist.
292 3482 424 3535 dederuut
451 3481 563 3545 Bekker,
591 3482 710 3542 Turium,
739 3478 797 3530 Cur.
816 3479 938 3531 Mueller.
984 3481 1083 3533 Contra
1103 3500 1135 3535 ee
1154 3484 1281 3535 Maetzner

183 3571 253 3624 ’'non
273 3586 342 3638 opus
361 3579 404 3620 est
418 3595 446 3605 -
462 3566 546 3636 inquit
565 3595 595 3604 —
614 3567 662 3618 καί
681 3581 788 3635 quoque
808 3564 967 3617 adversandi
988 3566 1104 3618 adsumit
1122 3568 1197 3618 vim.''
1225 3567 1280 3620 Sed

186 3656 299 3708 dubitari
318 3661 424 3724 potest,
443 3669 504 3704 uum
523 3654 548 3705 in
567 3655 627 3722 ipsa
645 3653 774 3721 particula
792 3653 840 3702 καί
862 3650 1021 3703 adversativi
1045 3652 1188 3722 quidquem
1212 3653 1282 3705 insit.

186 3741 227 3794 ef.
246 3740 328 3793 Klotz
347 3738 381 3790 ad
400 3737 465 3790 Dev.
484 3737 517 3802 11,
536 3737 594 3791 633.
637 3737 694 3791 Sed
720 3737 981 3790 aninmdvertendum
1001 3750 1056 3799 est,
1080 3737 1104 3789 h.
1124 3738 1139 3789 l.
1159 3737 1208 3788 diei
1227 3741 1283 3788 καὶ

186 3854 198 3868 -
214 3853 226 3867 ·
243 3843 286 3895 γε.
323 3825 396 3875 ”Kcl
415 3824 570 3894 simpliciter
588 3840 643 3876 rem
663 3825 739 3876 aliam
760 3824 801 3876 alii
820 3824 858 3875 rei
878 3822 1007 3886 adnectit,
1025 3825 1055 3893 γέ
1074 3832 1161 3875 autem
1181 3823 1216 3874 ita
1236 3823 1284 3874 ad·

187 3917 293 3964 severat
312 3907 345 3960 de
364 3925 395 3960 en
414 3924 456 3969 re,
483 3925 541 3977 qute
570 3909 697 3978 adjicitur,
725 3919 755 3961 ut
782 3911 861 3961 etiam
891 3909 914 3961 si
942 3910 1007 3961 alias
1026 3925 1069 3960 res
1089 3910 1188 3970 minus,
1217 3908 1285 3960 hane

187 3993 294 4066 quidem
312 4009 403 4045 revera
423 4009 485 4044 esse
505 3993 658 4062 significet.”
695 3993 785 4046 Klotz.
797 3994 813 4045 l.
826 3995 841 4045 1.
855 4013 879 4064 p.
898 3995 957 4046 315.
993 3995 1065 4045 Καί
1079 4012 1113 4064 γε
1133 3993 1285 4063 Hesychius

187 4082 376 4150 interpretatus
404 4088 448 4130 est
473 4079 600 4136 καίτοι.
643 4077 802 4131 Emendatio
830 4079 974 4133 Reiskiana
1000 4095 1199 4148 supervacanea
1221 4079 1246 4129 h.
1269 4079 1286 4130 l.

188 4165 300 4219 videtur.
