2940 5026
1132 386 1152 448 5

98 551 217 619 dieitur
248 553 292 619 ad
314 551 569 625 Alexandrum⁷,
592 575 706 616 omnes
730 563 762 617 et
785 564 935 617 oratores
958 552 1109 617 fuerunt⁸
1131 555 1196 640 ipsi

97 658 198 721 etita
221 655 263 720 de
286 654 428 720 dicendo
452 667 697 740 praeceperunt.
719 663 771 730 nt,
794 675 868 738 quae
893 653 1194 727 traderennomnia

96 756 139 821 ad
163 780 258 820 usum
281 756 445 820 forensem
470 767 699 820 converterent
722 768 755 819 et
777 753 1072 819 accommodarent.

184 857 267 936 Quae
290 879 363 921 eum
385 858 430 921 ita
453 857 534 932 sint,
556 857 632 940 quia
655 857 739 919 inter
762 870 864 919 artem
887 870 920 919 et
943 879 1037 919 usum
1063 856 1194 920 dieeadi

96 957 186 1042 apud
210 957 346 1022 Graecos
370 980 408 1021 ea
430 958 616 1022 intercessit
638 958 722 1020 ratio
745 971 778 1021 et
800 959 984 1031 eontentio,
1006 967 1042 1021 ut
1064 958 1105 1021 ab
1130 958 1194 1021 lroo

96 1058 153 1121 illa
186 1080 259 1122 non,
285 1059 469 1134 recederet,
502 1059 613 1122 inilla
638 1058 1193 1144 trioniteretu1·⁹‚0peraepretium

98 1179 298 1192 m

168 1229 441 1280 7Anaximenem
472 1226 693 1299 Lampsacenum.
740 1228 789 1282 Ille
812 1228 879 1281 liber
906 1227 940 1280 de
968 1227 1100 1282 rhetorica
1128 1246 1193 1280 con·

96 1312 213 1382 scriptus
234 1313 260 1364 in
279 1330 390 1383 operum
410 1314 627 1366 Aristoteliornm
645 1314 779 1367 editiones
797 1315 904 1384 irrepsit
931 1323 1012 1383 atque
1039 1315 1064 1365 in
1092 1314 1195 1366 codici-

95 1397 146 1449 bus
175 1415 253 1450 mauu
281 1399 401 1467 seriptis,
428 1400 472 1468 qui
501 1400 587 1452 adhuc
614 1400 715 1469 cogniti
743 1411 817 1462 sunt,
844 1401 896 1452 sub
924 1401 1031 1452 nomine
1057 1400 1193 1453 Aristote-

95 1481 128 1533 lis
161 1481 252 1538 fertur.
307 1481 348 1536 lle
374 1483 424 1535 hae
452 1500 480 1535 re
509 1484 702 1538 dubitationem
734 1486 834 1556 primus
867 1487 950 1537 movit
982 1484 1104 1536 Petrus
1135 1483 1194 1535 Vi-

94 1568 225 1619 ctorius
244 1568 268 1619 in
290 1569 490 1639 prolegomenis
509 1569 830 1622 Commentariorum
849 1571 880 1623 in
900 1579 970 1623 tres
990 1570 1097 1622 libros
1117 1569 1194 1621 Ari·

95 1653 235 1705 stotelis
267 1652 307 1705 de
338 1667 409 1708 arte
440 1655 575 1709 dicendi
607 1655 834 1722 (Florentiam)
854 1657 899 1718 iis,
928 1672 986 1726 quae
1014 1654 1195 1706 inscribuntur

93 1735 197 1807 ”eapita
217 1755 275 1807 qnee
298 1740 428 1810 perpendi
457 1740 557 1794 debent
585 1751 645 1793 ante
673 1741 815 1810 legitimam
844 1741 934 1810 operis
961 1737 1194 1800 declarationem,”

95 1832 285 1894 auctoremque
304 1823 361 1876 libri
380 1843 413 1878 ex
432 1825 521 1889 Quint.
542 1826 610 1880 1.0.
630 1825 675 1888 111,
695 1830 719 1888 4,
739 1825 755 1878 9
773 1827 1011 1885 Anaximenem
1030 1841 1094 1876 esse
1116 1841 1192 1875 mon-

94 1896 209 1959 stravit.¹
231 1907 271 1961 cf.
289 1908 419 1979 Ejusdem
438 1909 516 1963 Varr.
536 1909 620 1962 Lertt.
639 1910 696 1963 Lib.
714 1910 790 1964 XIV.
810 1928 832 1963 e.
849 1912 891 1962 11.
909 1929 935 1981 p.
958 1909 1016 1964 246.
1039 1909 1083 1962 ed.
1106 1908 1192 1980 Lugd.

94 1993 182 2059 1554.)
219 1992 385 2047 Sententiam
406 1995 464 2065 ejus
483 1997 569 2049 secuti
589 2007 649 2047 suut
670 1997 800 2065 proximis
819 1995 918 2046 seculis
929 1995 1032 2064 plurimi
1051 1995 1096 2047 viri
1110 1993 1192 2056 docti,

93 2094 164 2147 quos
183 2077 212 2129 C.
232 2077 261 2132 F..
280 2079 445 2132 Finltltins
465 2082 490 2133 in
513 2079 801 2133 Commentatione
825 2079 864 2131 de
889 2090 1029 2131 auctore
1046 2079 1192 2131 rhetori·

92 2179 163 2224 cae,
180 2180 265 2233 quoe
285 2163 411 2216 dieitur
429 2164 470 2217 ad
490 2164 731 2225 Alexandrum,
750 2163 888 2216 Heilbron.
909 2162 983 2215 1849.
1003 2183 1028 2234 p.
1043 2163 1109 2215 1-‘2
1127 2181 1192 2217 euu-

92 2257 189 2310 merat,
216 2266 376 2319 quamquam
405 2250 504 2304 addere
533 2262 639 2321 poterut
662 2249 800 2303 Editorem
820 2265 931 2318 operum
950 2249 1089 2302 Aristotel.
1109 2249 1192 2304 Basil.

92 2333 168 2385 1563.
187 2351 212 2402 p.
232 2335 367 2385 549-551
397 2348 424 2386 et
453 2333 737 2406 Capperouerium
766 2334 798 2386 ad
828 2332 936 2397 Quintil.
955 2334 976 2386 l.
995 2335 1097 2397 0.111,
1122 2339 1147 2398 4,
1166 2354 1192 2406 p.

93 2417 140 2469 151
161 2435 214 2487 sq.,
233 2419 277 2488 qui
296 2429 382 2470 tamen
402 2427 495 2470 eontra
515 2437 594 2489 qnam
613 2421 676 2473 seuit
688 2419 820 2490 Spengel.
835 2419 868 2470 ad
883 2421 1003 2473 numm.
1016 2421 1191 2491 (Lips.1850)

91 2520 117 2572 p.
137 2503 170 2553 99
194 2500 396 2567 Quintilianum,
423 2521 476 2556 non
505 2507 696 2558 Anaximenem
723 2503 920 2557 emendandum
948 2515 1048 2559 censet.
1093 2509 1130 2558 At
1157 2506 1191 2559 ef.

92 2587 184 2642 t'inkh.
202 2588 219 2640 l.
238 2589 254 2644 l.
273 2607 299 2658 p.
317 2590 411 2641 6-12.
447 2589 565 2642 Fuerunt
583 2608 708 2661 quoqne,
726 2592 784 2661 qni,
811 2608 892 2661 quum
920 2591 995 2642 hano
1016 2600 1099 2642 artem
1127 2589 1189 2640 Ari·

91 2673 198 2725 stotelis
217 2690 280 2726 esse
299 2684 442 2745 negarent,
461 2684 549 2728 tamen
570 2676 611 2727 alii
630 2677 689 2728 aliis
709 2676 862 2728 auctoribus
883 2677 1042 2735 tribuerent,
1070 2674 1105 2728 de
1130 2675 1189 2744 qui·

90 2757 141 2810 bus
161 2757 192 2810 cf.
211 2757 244 2810 H.
264 2758 403 2820 Usener,
431 2757 602 2822 Quaestiones
627 2750 823 2815 Ananimeneaa.
869 2760 1005 2830 Gottingae
1025 2759 1102 2813 1856.
1121 2777 1145 2829 p.
1163 2757 1188 2812 2.

89 2841 256 2896 Sententiam
285 2843 396 2896 Victorii
424 2845 514 2898 denuo
542 2847 704 2916 argumentis
733 2845 898 2898 confirmavit
924 2845 953 2897 L.
973 2845 1100 2916 Spengel.
1118 2847 1189 2896 Artt.

90 2927 199 2997 Scriptt.
211 2947 236 2997 p.
253 2928 386 2981 182-191
430 2928 478 2980 Cui
497 2931 813 3001 postquamadversatns
832 2939 875 2981 est
894 2929 987 2982 Laur.
1007 2929 1187 2982 Lersehius

88 3011 375 3083 (Spraehplrilosuphie
403 3014 451 3066 der
478 3014 565 3065 Altera.
597 3014 675 3066 Tom.
702 3015 732 3067 ll.
761 3015 847 3066 Bonn.
875 3013 952 3065 1840.
979 3032 1004 3083 p.
1024 3014 1191 3079 reo-290),

90 3115 170 3169 quum
190 3107 255 3167 post
273 3100 414 3150 acerrimas
434 3099 503 3151 inter
520 3099 596 3168 ipsos
620 3101 821 3152 controversias
849 3098 894 3165 (el.
913 3097 1042 3150 Zeitsehr.
1061 3097 1079 3150 f.
1096 3098 1189 3149 Alter-

89 3183 336 3236 tliumswissensolt.
362 3185 436 3236 1840.
465 3203 490 3256 p.
519 3182 700 3237 1258-1267.
736 3183 812 3246 1846,
840 3202 864 3253 p.
884 3181 1030 3236 919-940.
1066 3181 1143 3246 1847,
1160 3200 1188 3252 p.

88 3269 181 3321 9-14.
219 3269 309 3322 ltlrein.
329 3269 399 3322 Mus.
421 3269 495 3332 1849,
514 3289 539 3340 p.
560 3269 705 3324 ltu-192.
741 3271 863 3322 Ananim.
887 3268 929 3321 ed.
954 3267 1081 3340 Spengel.
1105 3286 1131 3339 p.
1157 3267 1186 3320 X

88 3371 130 3425 aq.
149 3353 182 3406 ol.
200 3373 225 3424 p.
245 3354 278 3405 99
298 3357 349 3425 sq.)
378 3354 412 3407 ad
440 3355 612 3426 Spengelium
640 3355 796 3407 inclinasset
824 3354 942 3415 victoria,
970 3365 1024 3406 tum
1044 3353 1187 3406 demuma

87 3439 223 3511 plerisque
241 3440 414 3492 Anaximenis
433 3457 496 3492 esse
517 3441 611 3492 librum
630 3457 684 3491 non
703 3439 797 3510 injuria
815 3440 906 3509 negari
925 3439 1040 3491 desitum
1056 3447 1106 3492 est.
1133 3439 1185 3491 Ce-

86 3533 171 3578 terum
191 3524 224 3578 of.
243 3525 334 3578 Finlrlt.
351 3525 367 3577 l.
377 3526 393 3578 l.
413 3524 578 3596 Quamquam
588 3525 774 3577 demonstrare
785 3532 898 3576 conatus
918 3533 961 3575 est
979 3523 1009 3576 (l.
1029 3523 1129 3593 Campe
1147 3524 1185 3586 (in

85 3608 180 3662 Philol.
198 3609 247 3670 1Χ,
268 3608 413 3672 tot-1⁶28,
433 3609 583 3674 rte-310)
601 3627 654 3661 non
674 3611 758 3680 magis
777 3610 950 3662 Anaximenis
970 3609 1022 3660 hoc
1041 3625 1111 3677 opus
1121 3623 1189 3659 esse

85 3713 165 3768 quam
184 3696 340 3749 Aristotelis
361 3707 407 3747 aut
425 3695 535 3764 alicujus
561 3695 637 3746 unius
662 3696 802 3764 scriptoris
826 3692 876 3745 sed
896 3709 929 3744 ex
948 3692 1069 3760 pluribus
1088 3692 1185 3743 misere

85 3780 245 3860 nongentum.
282 3779 322 3832 De
341 3797 394 3850 quo
415 3779 446 3831 el.
465 3779 579 3832 Usener.
598 3779 614 3832 l.
633 3779 648 3830 l.
668 3796 693 3847 p.
713 3777 728 3829 3
747 3795 806 3847 sqq.

155 3865 171 3916 8
208 3864 336 3936 Spengel.
365 3868 433 3915 Artt.
462 3863 570 3932 Scriptt.
595 3881 620 3933 p.
639 3863 697 3913 117.
742 3862 886 3933 Dionysius
915 3878 1023 3932 quoque
1052 3860 1185 3913 Halicarn.

84 3949 125 4003 De
143 3951 297 4020 lsoe.judie.
316 3968 338 4002 e.
359 3949 399 4010 19,
418 3967 442 4018 p.
462 3947 520 4004 1126.
550 3947 640 3999 Reislr.
659 3947 692 3998 ab
712 3948 876 3999 Anaximene
904 3949 1040 3999 orationes
1069 3946 1183 4015 scriptas

83 4052 146 4088 esse
164 4034 253 4088 docet.
289 4034 328 4089 Cf.
347 4034 460 4088 Usener.
480 4034 497 4087 l.
516 4036 532 4089 l.
552 4052 573 4104 p.
595 4035 636 4086 22.

153 4120 170 4174 9
205 4119 244 4174 Cf.
263 4120 390 4193 Spengel.
408 4120 500 4176 Ueber
519 4120 568 4173 das
588 4118 711 4173 Studium
731 4117 779 4172 der
799 4118 926 4174 eretorilr
950 4119 992 4170 bei
1018 4117 1071 4171 den
1093 4116 1183 4169 Alton.

81 4205 216 4259 Mllaolren
237 4205 312 4270 1849,
330 4225 356 4277 p.
375 4206 400 4259 8.
427 4205 492 4261 ”nie
512 4204 711 4276 Vei-gleiehung
737 4204 806 4259 lehrt
824 4205 867 4260 dia
887 4202 1181 4273 Uebereinetimmuagr
