2940 5026
324 355 366 421 54

301 526 337 590 B.
360 526 438 611 Ipsa
459 522 601 609 βάσανος
623 526 710 589 servi
733 526 840 610 qualis
862 525 962 592 fuerit
976 528 1046 614 -§
1069 529 1193 594 31-41
1217 565 1250 580 -

323 629 349 710 ¹)
372 629 496 692 Servus
520 626 599 710 quid
624 627 744 691 dixerit
761 643 807 675 -’

324 729 359 818 α)
382 729 450 814 Spe
474 727 647 814 deceptum
670 751 744 793 eum
761 728 805 793 ad
817 750 868 794 me
881 729 1069 794 testimonio
1083 751 1146 794 suo
1158 731 1378 797 condemnau-

344 829 422 895 dum
446 831 487 894 ab
506 831 572 894 illis
586 844 738 894 coactum
753 852 828 894 esse
845 830 1052 894 verisimile²⁵
1065 829 1152 895 est²⁰
1173 870 1207 889 κ
1218 831 1376 917 §tl-32.

325 932 356 1018 b)
380 954 440 1016 spe
463 930 641 995 frustratus
664 955 716 996 me
738 933 883 996 absolvit
903 931 970 1016 -§
994 932 1035 995 33
1053 970 1088 980 -

322 1035 351 1121 ο)
375 1033 477 1096 nihilo
501 1042 608 1096 tamen
630 1033 736 1097 miuus
753 1056 825 1098 eum
840 1034 887 1097 illi
904 1033 1099 1097 necarunt²²
1115 1069 1154 1082 -
1171 1033 1328 1113 §34-35
1339 1073 1374 1085 -

343 1135 538 1222 [μαρτνρία].

322 1239 349 1318 ²)
373 1236 461 1317 Quid
485 1258 527 1298 ex
549 1235 636 1298 servi
659 1233 847 1299 testimonio
870 1236 980 1322 colligi
1002 1235 1112 1321 possit
1131 1273 1165 1284 ..

322 1341 355 1426 a)
378 1359 445 1402 non
468 1337 576 1400 necari
600 1336 755 1402 debuisse
775 1360 907 1403 servum
933 1377 967 1387 -
994 1341 1013 1424 ς
1036 1339 1077 1403 36
1095 1374 1131 1387 ..

321 1440 352 1526 b)
377 1439 553 1525 posteriori
577 1460 673 1522 quam
690 1440 790 1524 priori
813 1440 1001 1504 testimonio
1020 1440 1176 1526 majorem
1189 1438 1287 1504 fidem
1301 1460 1376 1504 esse

343 1540 530 1604 habendam
550 1574 583 1590 -
603 1539 622 1625 ᾗ
646 1541 773 1604 36-37
795 1579 829 1589 -

321 1644 350 1731 c)
374 1665 417 1706 ex
449 1641 521 1727 ejus
555 1642 742 1706 testimonio
777 1664 795 1705 a
829 1664 889 1718 me,
911 1665 977 1707 non
1012 1646 1053 1708 ab
1086 1643 1152 1707 illis
1187 1651 1378 1729 argumenta

343 1753 375 1809 et
396 1743 516 1807 indicia
539 1752 627 1807 stare
642 1749 716 1821 -ς
738 1744 780 1808 38
801 1781 834 1794 -
852 1744 1037 1832 τεκμήριον.

321 1847 348 1922 ³)
371 1845 404 1931 a)
428 1844 526 1909 Falso
550 1844 712 1920 dixerunt,
736 1866 866 1910 servum
890 1845 1078 1911 confessum
1102 1844 1378 1932 essesoadjuto·

341 1970 408 2010 rem
432 1946 510 2010 mihi
532 1945 636 2009 fuisse
659 1946 701 2009 ad
728 1945 894 2011 Herodem
909 1946 1168 2012 interficiendum
1187 1983 1221 1994 -
1241 1946 1319 2032 §39
1339 1985 1373 1996 -

322 2050 353 2136 b)
377 2047 459 2132 quid
482 2068 559 2111 vero
581 2045 753 2111 dixerit-
775 2048 794 2134 ᾗ
818 2049 860 2113 39
878 2087 913 2098 -

321 2153 350 2238 ο)
374 2172 439 2234 qua
461 2170 497 2213 ro
520 2163 655 2215 coaetus
678 2149 743 2214 hoo
767 2150 886 2215 dixerit
904 2150 978 2235 -δ
1002 2149 1139 2215 40-41.

317 2255 342 2336 ⁴)
367 2251 511 2316 Alterius
534 2252 652 2335 (liberi)
675 2251 817 2316 hominis
840 2251 1071 2316 testimonium.
1116 2249 1149 2313 Is
1171 2272 1224 2316 me
1247 2273 1377 2338 semper

343 2353 501 2418 liberavit.
525 2352 544 2437 ᾗ
567 2353 618 2416 42.

320 2457 346 2536 ⁵)
369 2455 558 2520 Probabilia
581 2476 705 2518 mecum
729 2454 853 2518 faciunt

322 2560 356 2646 a)
379 2558 541 2622 adversus
565 2557 589 2639 ³)
613 2556 656 2644 a).
680 2556 699 2641 ᾗ
723 2556 850 2620 43-44
870 2593 902 2603 -
924 2552 1126 2642 (ἐνθύμημα)
1144 2589 1184 2604 -

315 2795 319 2801 ἡ
347 2725 381 2777 25
417 2727 496 2791 §32
532 2724 574 2776 Ex
592 2723 714 2776 Anaxim.
735 2723 795 2782 200.
814 2725 829 2776 3
848 2741 891 2795 sq.
920 2723 1081 2777 concludere
1108 2722 1203 2794 uliquis
1233 2723 1332 2794 possit,
1350 2722 1377 2776 in

277 2813 295 2878 S
314 2812 348 2863 32
367 2808 474 2881 ἔλεγχον
491 2828 561 2864 esse.

346 2899 380 2950 26
416 2895 446 2950 ἐν
469 2893 580 2950 τούτοις
605 2897 658 2966 γὰρ
687 2891 782 2950 αύτοῖς
808 2892 883 2948 εὀτιν
909 2891 926 2962 ἦ
949 2891 1087 2962 ὠφέλεια,
1117 2890 1205 2949 ἄλλως
1221 2913 1252 2946 τε
1270 2891 1321 2946 κᾶν
1337 2895 1375 2961 μή

274 2980 411 3054 παρόντες
428 2980 595 3052 τυγχάνωσιν
619 2975 657 3033 ούν
680 2981 714 3034 ἂν
739 2977 978 3051 καταψεύδονται.
999 2978 1109 3036 τούτοις
1127 2977 1221 3034 αὐτοῖς
1240 2980 1255 3032 i.
1274 2997 1297 3032 e.
1315 2976 1376 3047 ”s'p’

275 3063 318 3122 οἷς
347 3065 381 3119 ἂν
400 3070 432 3122 τὸ
459 3066 589 3120 πλεῖστον
611 3069 698 3138 μέρος
724 3064 773 3130 τῆς
796 3065 934 3135 βασάνον”
952 3065 1086 3128 (Mutuo).
1122 3065 1224 3134 Saupp.
1242 3061 1376 3130 ἐντούτῳ

276 3154 383 3205 mavult.
410 3153 473 3205 Non
492 3164 573 3206 reete.
619 3153 648 3204 Si
665 3150 754 3217 τούτῳ
774 3151 928 3219 legerimus,
957 3151 1047 3200 otiosa
1076 3149 1132 3200 fere
1159 3150 1209 3200 erit
1235 3158 1295 3200 tota
1321 3149 1376 3201 hue

276 3240 425 3290 enunciatio
445 3231 531 3290 ἄλλως
548 3254 578 3287 τε
597 3233 648 3286 κᾶν
664 3231 721 3286 κτλ.
741 3232 846 3287 Αύτοῖς
863 3235 878 3286 ἰ.
898 3252 924 3304 q.
942 3234 1036 3285 solis.

347 3322 380 3370 27
416 3319 488 3383 §34
506 3315 727 3388 διαπειραθέντα
745 3314 769 3368 δ’
786 3313 869 3368 αύτύν
894 3319 930 3368 τὰ
952 3313 1044 3388 ψευδῆ
1070 3315 1171 3388 λέγειν,
1199 3313 1317 3387 ὕστερον
1345 3312 1376 3369 δὲ

273 3401 384 3470 τάληθῆ
402 3400 514 3473 λέγοντα
532 3398 665 3470 οὐδέτερα
684 3397 839 3468 ὠφέλησαν.
868 3398 1035 3470 οὐδέτερα
1052 3404 1067 3454 i.
1086 3420 1108 3455 e.
1128 3397 1189 3455 οἵτε
1211 3405 1243 3454 τὸ
1269 3398 1378 3454 διαπει-

223 3554 224 3559 ¹
275 3487 399 3560 ραθῇναι
423 3489 459 3539 τὰ
478 3483 568 3557 ψευδῆ
593 3483 679 3557 λέγειν
703 3479 766 3536 ούτε
792 3481 907 3556 ύοτερον
923 3482 1034 3552 τάληθῆ
1058 3483 1154 3556 λέγειν,
1177 3503 1234 3558 quae
1252 3487 1376 3555 subJects

273 3577 358 3628 latent
375 3575 400 3626 in
419 3575 576 3645 progressis
597 3570 750 3641 participiis.
787 3569 913 3623 Similiter
931 3573 949 3637 ἕ
968 3569 1059 3637 93τῷ
1077 3566 1107 3623 δὲ
1134 3567 1269 3632 ξυνειύύτι
1292 3568 1374 3623 τούτο

275 3657 341 3712 αύτὸ
360 3665 402 3725 (²²
419 3662 451 3711 τὸ
470 3653 631 3720 ξυνειδέναι)
649 3653 763 3728 πρῶτον
779 3654 914 3725 πολέμιόν
932 3653 1015 3708 ἐστιν.

290 3786 293 3791 .
347 3778 378 3786 -
416 3737 493 3797 ούτοι
520 3738 550 3795 δὲ
572 3739 696 3794 θάνατον
713 3739 752 3808 τῷ
770 3740 876 3815 μηνυτῇ
893 3743 945 3809 τὴν
962 3737 1071 3810 δωρεὰν
1097 3737 1247 3804 ἀπέδοσαν,
1271 3737 1375 3811 ἀπαγο-

276 3829 412 3902 ρευόντων
434 3827 491 3880 τῶν
518 3825 606 3896 φίλων
630 3827 686 3879 τῶν
713 3824 787 3895 ἐμῶν
811 3828 849 3893 μὴ
870 3824 1044 3879 ἀποκτείνειν
1060 3828 1109 3878 τὸν
1127 3821 1217 3898 ἄνδρα
1234 3830 1318 3896 πρὶν
1337 3824 1375 3879 ἂν

275 3913 339 3987 s'yol
367 3911 523 3978 ἔλθοιμι.
572 3912 637 3965 Sine
657 3912 738 3965 dubio
758 3907 798 3964 ἄν
818 3921 883 3982 post
900 3917 967 3984 πρὶν
983 3930 1042 3964 curu
1063 3914 1182 3982 optativo
1202 3912 1375 3981 conjunctum

275 4002 316 4055 vel
336 4002 418 4054 iuvito
438 3998 642 4050 Breitenbaehio
672 3996 706 4050 ad
733 3997 803 4050 Xen.
827 3997 930 4050 llelleu.
949 3997 983 4058 ll,
1003 3997 1026 4059 3,
1045 3997 1079 4050 48
1098 3998 1305 4068 expungendum
1325 4004 1376 4050 est.

279 4087 318 4138 Cf.
337 4085 403 4140 Lud.
425 4081 546 4136 Dindorf.
565 4080 600 4134 ad
618 4083 633 4133 l.
647 4083 663 4137 l.
681 4093 709 4134 et
732 4083 764 4135 sd
787 4082 857 4135 Xen.
877 4082 963 4135 Ansb.
985 4083 1006 4142 l,
1025 4083 1049 4144 3,
1071 4083 1102 4134 17
1119 4082 1172 4146 (ed.
1191 4079 1377 4147 torollum).
1448 4080 1452 4085 ’

277 4167 749 4239 Guil.1)lnd0rf.inSteplr.Thes.
769 4153 816 4231 vr,
834 4185 860 4238 p.
882 4167 955 4219 1601.
975 4166 1005 4218 s.
