2940 5026
379 568 425 640 11.
446 591 477 634 a.
938 568 983 643 11,
1005 570 1036 653 ρ.

166 716 170 723 ’
195 708 420 792 Προοίμιον
444 707 462 792 §
489 708 578 772 1-3.
755 707 973 793 προοίμιον
996 706 1015 793 5
1042 706 1132 771 1-4.

150 808 175 873 Ι.
219 808 433 894 Abjectorum
457 809 623 873 hominum
656 808 701 872 in·
714 808 735 871 1.
780 809 1040 874 Infelicissimnm
1077 807 1263 871 mortalium
1280 821 1355 895 γ1.δ1

217 894 310 959 sidiae
342 894 456 959 faciles
480 893 622 958 suntad
647 917 700 957 co·
777 917 813 958 se
837 917 912 958 esse
936 895 1014 958 dicit
1037 914 1123 968 rene,
1139 893 1191 956 cni
1206 890 1263 958 ille

215 980 427 1065 arguendum,
442 979 608 1044 liberalius
622 980 699 1042 edu·
777 981 871 1044 vivus
886 979 1006 1044 damno
1028 980 1160 1054 fuisset,
1176 1000 1264 1042 mor·

215 1078 362 1130 catorum
385 1088 448 1128 non
464 1066 550 1130 item.
573 1066 591 1150 ἕ
611 1067 690 1131 1-2
776 1076 852 1130 tuus
868 1088 955 1130 curae
972 1079 1004 1130 et
1020 1065 1136 1130 dolori.
1158 1065 1263 1128 Suum

214 1148 272 1215 ἐπὶ
293 1149 331 1213 τδ
354 1155 540 1236 προσέχειν.
776 1174 851 1215 esse
868 1151 1060 1222 ostendere,
1077 1150 1151 1234 quis
1163 1150 1263 1213 inter·

82 1252 131 1321 β3.
149 1235 187 1301 lI.
211 1237 283 1301 Nos
305 1247 413 1299 autem
436 1237 468 1300 in
491 1259 526 1299 re
543 1257 699 1322 peragen·
774 1235 879 1300 sector
895 1236 1007 1312 suerit,
1023 1234 1114 1321 quod
1131 1234 1193 1297 nisi
1205 1233 1264 1298 fiat

215 1320 258 1384 da
280 1331 409 1384 sontem
438 1343 609 1395 accusare,
633 1344 697 1385 non
775 1320 1265 1406 suspicioneipseopprimatur.

213 1406 398 1491 opprimere
421 1407 582 1472 insontem
609 1409 697 1491 cupi·
774 1407 791 1491 ξ
827 1407 915 1472 1-2.
943 1431 971 1470 π
993 1406 1028 1480 δς
1054 1404 1194 1470 εὔνοιαν.
1233 1403 1265 1468 ἐ·

211 1513 293 1554 mus
317 1490 334 1575 ἓ
368 1491 387 1555 2
411 1505 492 1558 extr.
520 1531 555 1542 -
570 1496 598 1558 3.
614 1491 700 1579 πρὸς
772 1431 990 1564 λάττωσις.ολ
1004 1497 1099 1556 Anax
1125 1491 1262 1563 221117.

210 1573 388 1657 εὐμένειαν.
711 1579 748 1642 11.
772 1581 820 1643 Ac
838 1601 900 1642 non
919 1589 1063 1642 astutum
1083 1577 1261 1658 (difficilem
1281 1582 1356 1647 ιιι-νς

64 1675 130 1733 δ11.
144 1660 199 1726 ΙΠ.
213 1663 319 1743 Quam
352 1666 533 1747 poterimus
567 1663 698 1729 eviden·
774 1665 815 1728 ad
855 1663 1111 1747 coarguendum)
1156 1662 1260 1747 magis

209 1749 334 1812 tissime
363 1751 633 1819 monstrabimus.
657 1752 697 1813 ab
774 1770 872 1834 quarn
894 1749 1099 1832 insipientem
1119 1746 1261 1826 (facilem

208 1834 275 1897 isto
298 1834 566 1901 hominecaedem
582 1857 696 1920 perpe·
772 1835 815 1898 ad
839 1832 1095 1918 coarguendum)
1126 1855 1163 1896 se
1187 1831 1261 1895 dici.

210 1927 327 1983 tratam
351 1943 434 1986 esse.
450 1924 468 2008 ἓ
484 1924 503 1986 3
520 1934 601 1986 extr.
616 1921 698 2021 πρό·
773 1920 844 1983 Jarn
869 1920 952 1983 enirn
982 1931 1118 2003 propter
1140 1939 1260 2001 graves
1280 1940 1330 1998 ao,

209 2008 314 2078 θεσις.
772 2005 954 2069 inimicitias
989 2001 1199 2068 manifestum
1224 2026 1261 2066 se

773 2090 906 2155 sceleris
931 2113 1019 2164 esse;
1042 2101 1118 2153 ante
1133 2088 1261 2151 facinus

772 2186 881 2238 autern
916 2187 1078 2256 patratum
1103 2173 1260 2235 verisimi-

773 2259 835 2321 lins
849 2280 931 2329 esse,
945 2281 982 2320 se
994 2259 1133 2320 eircums
1161 2258 1261 2319 ectio-

771 2365 813 2407 ne
836 2342 971 2407 ductum
988 2359 1020 2406 et
1035 2343 1119 2406 alios
1135 2279 1260 2405 lauino-

771 2451 807 2493 re
819 2429 1020 2493 abstinuisse
1033 2440 1066 2492 et
1077 2429 1184 2512 ipsum
1206 2449 1259 2490 ca·
1276 2437 1327 2505 γ7.

774 2515 870 2589 visse,
894 2537 934 2577 ne
959 2515 1037 2597 quid
1062 2514 1261 2596 suspicionis

770 2600 953 2663 moveret⁸⁹.
970 2600 1024 2683 §3
1042 2598 1088 2670 εἰς
1103 2598 1140 2662 τὸ
1157 2614 1262 2683 προσ-

769 2689 867 2764 ε’χειν.
893 2684 1149 2771 προκατάληψις
1171 2705 1260 2768 quae·

770 2771 853 2832 dam.
889 2768 929 2832 cf.
960 2772 1107 2834 Anaxim.
1132 2793 1163 2855 p.
1187 2769 1259 2839 216,

773 2857 798 2919 1.
823 2856 895 2930 218,
922 2857 970 2920 14.

706 2942 758 3005 111.
771 2942 995 3005 Intolerabilia
1017 2942 1115 3025 igitur
1137 2962 1174 3002 se
1203 2959 1258 3023 pa·

770 3028 809 3099 ti,
833 3039 997 3090 attamen
1022 3038 1113 3089 etse
1140 3046 1259 3109 purga-

769 3114 795 3174 ri
820 3125 975 3195 oportere
999 3129 1046 3178 et.
1070 3111 1126 3190 qni
1142 3121 1258 3171 sontes

770 3208 890 3267 essent,
903 3193 1042 3258 ostendi.
1067 3193 1120 3254 Ex
1136 3193 1257 3275 quibus

769 3281 867 3342 rebus
901 3280 983 3364 ipsis
1018 3277 1120 3340 teneri
1149 3276 1258 3339 dictus

767 3366 819 3439 sit,
834 3387 875 3427 ex
886 3365 924 3428 iis
935 3363 1151 3428 innocentiam
1166 3384 1258 3425 snam

769 3472 928 3534 apparere
942 3461 1148 3513 ostent-urum
1162 3471 1198 3512 se
1208 3471 1259 3511 es-

769 3535 850 3598 sell.
874 3536 891 3619 §
913 3538 942 3601 4.
965 3533 1140 3620 πρόθεσις.

224 3711 258 3762 89
293 3715 362 3783 πρὶν
380 3707 553 3783 ἐργάσασθαι
570 3703 712 3780 εἶκότερον
729 3697 763 3774 ἧν
779 3706 837 3757 τὸν
856 3699 1048 3771 εἷδόταζτὴν
1066 3701 1192 3773 ὑποψίαν
1208 3705 1259 3769 τὴν

152 3795 200 3848 νῦν
217 3790 256 3851 εἷς
275 3795 323 3864 ἐμὲ
343 3789 435 3857 οὖσαν,
460 3800 507 3848 καὶ
530 3794 586 3847 τῶν
612 3790 700 3846 ἄλλων
718 3791 746 3844 εἴ
761 3809 823 3843 τινα
844 3789 927 3862 ἔγνων
950 3785 1163 3859 ἐπιβουλεύοντα
1183 3784 1258 3853 αὐτῷ
1323 3811 1345 3853 ·.'

154 3876 315 3932 διακωλύειν
328 3878 432 3945 μᾶλλον
447 3878 504 3934 κτλ.
541 3881 568 3932 C.
590 3881 616 3932 L.
636 3880 743 3950 Kayser
766 3877 858 3929 Rhein.
879 3876 949 3928 blus
968 3875 1035 3938 Xll,
1054 3875 1106 3926 237
1130 3875 1155 3925 in
1181 3874 1254 3924 voci·

151 3966 204 4018 bns
222 3969 271 4019 τὸν
289 3959 384 4018 εἰδότα
403 3966 553 4019 offenditur.
590 3967 631 4017 Ac
651 3965 774 4035 profecto
794 3964 886 4015 mirum
905 3972 962 4024 est,
981 3963 1003 4014 si
1023 3962 1082 4031 qnis
1102 3959 1257 4029 suspicione

153 4054 225 4124 ejus,
244 4053 318 4124 quod
337 4053 456 4104 nondum
476 4052 648 4102 coturnissum
667 4052 715 4110 sit,
734 4050 817 4100 teneri
837 4065 867 4100 se
886 4050 1025 4100 novisse
1044 4046 1148 4097 dicitnr.
1167 4044 1258 4108 Quare

153 4140 194 4191 vel
212 4131 252 4205 ἧν
269 4159 325 4192 τοι
343 4133 464 4191 εἰδότα
484 4138 525 4191 vel
544 4128 582 4202 ἦν
598 4130 796 4205 προειδότα
816 4133 959 4202 legendum
984 4132 1100 4199 conjicit,
1120 4140 1149 4182 ut
1173 4130 1259 4193 solet,

153 4225 293 4296 ingeniose
312 4226 355 4278 ille
382 4226 503 4299 quidem,
530 4222 581 4279 sed
603 4221 647 4275 vix
669 4235 738 4274 vera.
783 4215 880 4288 Neque
903 4217 971 4270 enim
989 4217 1066 4286 inkv.
1083 4213 1145 4270 τόν
1163 4217 1214 4272 sed
1232 4217 1258 4270 in
