2940 5026
1083 425 1125 488 65

81 618 168 662 mere
191 596 392 662 decreverat
438 591 558 657 Habita
587 591 692 656 orat-io
717 600 767 656 est
790 591 849 657 Ol..
865 591 968 668 XCV,
995 594 1128 675 1.(400.
1151 619 1178 661 a.

82 699 158 763 Chr.
181 704 235 777 n).
259 696 307 762 cf.
331 695 470 761 Clinton.
494 693 581 757 Fest.
607 692 690 757 Hell.
713 716 744 779 p.
768 694 818 757 97.
866 693 946 758 Haec
969 695 1001 758 in
1014 716 1051 758 ea
1064 695 1178 781 dispo·

77 801 153 863 sitio
178 821 286 864 rerum
309 805 368 860 est.

120 897 354 986 IIpoot'ptov.§
382 899 492 960 l-lO.

77 1002 100 1064 1.
144 1002 178 1090 a)
202 1000 476 1065 Adversariorum
500 996 587 1060 dolis
611 1007 643 1061 et
665 1000 791 1063 artibus
808 1020 871 1065 non
889 1000 1083 1083 perterritus
1097 1022 1173 1064 cau-

140 1123 211 1165 sam
234 1102 382 1166 sustineo
405 1100 559 1183 idemque
582 1098 624 1163 de
648 1122 698 1164 me
719 1101 793 1186 ipse
817 1101 934 1174 sentio,
958 1101 1049 1184 quod
1073 1124 1173 1186 spero

140 1203 213 1268 fore
236 1211 272 1267 ut
295 1225 365 1278 vos,
384 1201 531 1287 judium,
556 1201 768 1278 arbitremini,
792 1224 843 1267 me
865 1202 972 1287 culpee
995 1223 1085 1267 reum
1108 1201 1183 1267 non

142 1305 265 1370 esse⁵³.
299 1304 316 1388 ἓ
354 1303 440 1367 1-5.
479 1299 564 1386 πρὸς
591 1299 731 1368 εὔνοιαν.
755 1303 940 1385 κακολογία.
963 1303 1003 1367 cf.
1027 1305 1174 1369 Anaxim.

139 1407 217 1480 216,
254 1406 280 1468 1.
303 1404 381 1475 231,
407 1405 421 1467 l
448 1424 520 1487 sqq.
543 1402 806 1491 προκατάληψις.
852 1403 899 1470 cf.
923 1406 1071 1468 Anaxim.
1095 1405 1173 1482 218,

146 1507 183 1572 12
206 1527 280 1591 sqq.

119 1608 150 1694 b)
174 1608 254 1671 Plus
278 1605 516 1671 benevolentiae
539 1607 614 1671 milri
639 1630 689 1670 me
706 1607 883 1672 defensuro
907 1628 993 1693 opus
1013 1617 1172 1691 estquam

141 1710 230 1782 istis,
264 1707 319 1790 qui
343 1710 517 1792 praepareti
541 1708 584 1772 ad
607 1732 657 1772 me
680 1709 902 1774 accusandum
925 1709 1132 1773 accesserint.
1155 1709 1173 1792 ξ

141 1811 234 1876 6-7.
257 1805 439 1880 ἐλάττωσις.
484 1811 631 1874 Anaxim.
655 1811 727 1885 229,
752 1811 790 1875 16
813 1831 887 1895 sqq.

79 1912 118 1976 Il.
143 1910 327 1976 Deliberem
341 1910 377 1986 ⁵⁴,
400 1919 532 1975 utrum
556 1912 596 1975 ab
620 1934 660 1975 eo
683 1912 848 1997 incipiam,
871 1922 908 1976 ut

146 2080 179 2131 53
215 2078 229 2147 §
252 2081 261 2131 l
285 2096 326 2150 eq.
344 2077 396 2150 e‘yul
415 2075 449 2142 δ’,
469 2070 492 2130 ὦ
509 2075 617 2149 ἄνδρες,
638 2076 776 2148 δεήσομαι
790 2078 867 2150 ὑμῶν
885 2079 979 2136 δίκαια
996 2090 1043 2137 καὶ
1061 2081 1125 2153 ὑμῖν
1143 2105 1174 2139 το

75 2160 162 2233 ῥᾴδια
179 2163 346 2235 χαρίζεσθαι
363 2169 409 2216 καὶ
428 2162 492 2232 ἐμοὶ
510 2159 576 2226 ἄξια
593 2163 696 2218 πολλοῦ
713 2168 804 2231 τυχεῖν
818 2164 884 2239 παρ’
903 2164 988 2235 ὑμῶν,
1008 2173 1066 2221 καὶ
1084 2169 1173 2245 προῖ-

73 2268 135 2301 τον
158 2249 221 2316 μὲν
245 2247 488 2316 ἐνθυμηθῆναι
514 2245 558 2300 ὅτι
581 2249 627 2300 νῦν
649 2247 701 2319 ἐγώ
724 2249 782 2317 ὴίιοι
802 2248 933 2319 οὐδεμιᾶς
957 2247 1039 2320 οὔσης
1056 2251 1173 2324 ἀνάγκης

73 2331 130 2385 κτλ.
170 2338 228 2386 Καὶ
254 2333 368 2404 πρῶτον
394 2333 446 2401 μὲν
473 2331 676 2402 ἐνθυμηθῆναι,
709 2336 783 2406 quod
807 2339 866 2405 quis
887 2339 975 2390 autin
993 2337 1175 2405 πρῶτονμὲν

75 2415 268 2487 ἐνθυμηθῆναι
287 2419 376 2470 autin
393 2421 440 2469 καὶ
461 2417 575 2489 πρῶτον
596 2420 648 2485 μὲν
676 2417 853 2490 ἕυθυμηθῆττ
877 2423 1031 2476 mutandum
1051 2431 1174 2486 censeat,

75 2504 170 2555 mutari
196 2520 249 2556 non
278 2501 366 2555 debet
411 2501 479 2554 Nem
508 2515 535 2556 et
562 2505 669 2557 liberius
697 2506 720 2557 in
751 2509 838 2560 verbis
866 2509 934 2562 inter
953 2526 984 2562 se
1003 2510 1126 2581 optandis
1146 2517 1174 2562 et

75 2587 241 2641 collocandis
271 2599 393 2641 versetur
423 2588 594 2651 Andocides,
625 2600 653 2642 et
680 2590 704 2642 h.
731 2591 747 2642 l.
775 2593 856 2644 verba
883 2589 978 2646 δίκαια
996 2598 1042 2646 καὶ
1061 2589 1125 2663 ὑμῖν
1141 2612 1172 2646 τε

74 2667 160 2740 ῥᾴδια
177 2673 344 2744 χαρίζεσθαι
369 2679 415 2726 καὶ
444 2672 508 2741 ἐμοὶ
535 2670 600 2736 ἄξια
626 2671 729 2727 πολλοῦ
754 2677 845 2742 τυχεῖν
861 2680 1017 2732 necessario
1036 2679 1174 2749 requirunt

75 2758 186 2828 aliquid,
213 2775 266 2828 quo
294 2759 402 2811 uberius
426 2761 598 2829 explicentur.
635 2760 674 2812 Cf.
693 2760 707 2829 §
728 2763 761 2813 23
780 2793 792 2803 -
812 2793 824 2803 -
843 2762 969 2816 elverico
995 2762 1083 2832 μόνον
1107 2760 1174 2833 ἡγή-

76 2860 158 2894 σαντο
185 2836 253 2903 δεῖν,
274 2839 411 2908 τολμῆσαι
439 2844 637 2914 κατηγορῆσαι.
676 2845 725 2906 Ill,
746 2847 779 2897 12
796 2845 930 2899 τοσοῦτον
957 2839 1006 2899 οὖν
1031 2847 1128 2918 ἔγωγε,
1150 2840 1173 2898 ὦ

73 2925 239 2993 Ἀθηναῖοι,
260 2921 424 2996 διορίζομαι
443 2925 641 2995 περὶτούτων,
663 2931 714 2994 τὴν
737 2929 789 2995 μὲν
809 2923 923 2998 εἰρήνην
945 2931 1085 2999 σωτηρίαν
1103 2926 1174 2981 εἶναι

74 3010 114 3077 τῷ
136 3006 215 3078 δήμῳ
234 3014 280 3062 καὶ
309 3005 433 3077 δύναμιν,
458 3014 507 3062 τὸν
531 3006 562 3063 δὲ
585 3008 709 3080 πόλεμον
731 3008 821 3080 δήμου
846 3010 992 3065 κατάλυσιν
1018 3014 1172 3083 γίγνεσθαι.

74 3096 143 3146 Καί
161 3095 280 3148 additum
309 3108 351 3148 est-
378 3105 490 3166 propter
516 3095 630 3166 πρῶτον
650 3098 711 3164 μέν,
733 3099 774 3150 cui
793 3099 924 3151 vocabulo
944 3098 1111 3168 respondent
1130 3115 1174 3162 eu,

76 3197 134 3251 quc
151 3181 177 3233 in
197 3180 211 3249 §
233 3183 247 3231 t
266 3180 397 3252 leguntur,
417 3176 504 3233 ἔτιδὲ
521 3185 566 3231 καὶ
586 3176 652 3233 τόδε
672 3179 841 3250 ἐνθυμητέον
858 3179 914 3235 κτλ.

145 3267 178 3318 54
214 3265 228 3336 5
247 3265 263 3317 8
281 3264 406 3318 Σκοπῶ
427 3265 479 3332 μὲν
497 3256 545 3317 οὖν
563 3263 655 3335 ἔγωγε,
676 3256 699 3317 ὦ
719 3263 827 3340 ἄνδρες,
850 3265 942 3320 πόθεν
957 3269 1009 3339 χρὴ
1030 3263 1173 3339 ἄρξασθαι

72 3351 122 3418 τῆς
153 3347 313 3420 ἀπολογίας.
350 3348 382 3402 G.
401 3351 435 3401 A.
454 3349 585 3422 Hirschig.
609 3352 741 3425 Philolog.
762 3353 796 3414 V,
812 3353 863 3405 318
894 3352 988 3405 οιιοτιῶ
1017 3355 1042 3406 in
1073 3349 1173 3423 cinopoi

74 3445 202 3490 mutatum
222 3437 277 3489 vult
296 3436 336 3488 cll.
354 3452 402 3497 eo,
421 3436 493 3505 quod
513 3438 635 3507 proxime
654 3435 817 3510 sequitur,d
843 3434 875 3491 δέ
897 3457 932 3505 με
958 3441 1037 3492 ποιεῖ
1064 3432 1190 3510 μάλιστ’,

74 3518 201 3593 ἀπορεῖν.
238 3520 319 3585 Quod
342 3521 410 3574 velle
436 3540 490 3574 non
519 3521 636 3575 debebat
663 3526 701 3577 vir·
728 3525 836 3578 doetus.
884 3523 954 3576 Nem
973 3520 1067 3575 σκοπῶ
1088 3518 1174 3591 (qnod

75 3608 236 3678 conjunctivi
264 3609 335 3660 modi
363 3613 416 3670 est)
442 3608 494 3675 μέν
511 3618 539 3659 et
558 3605 575 3658 ὃ
592 3603 624 3660 δέ
641 3627 676 3677 με
694 3611 775 3662 ποιεῖ
789 3605 896 3675 μάλιστ’
916 3604 1034 3679 ἀπορεῖν
1051 3606 1121 3657 inter
1144 3620 1175 3674 ee

75 3709 109 3744 ex
137 3693 251 3746 adverso
280 3693 454 3761 respondent.
505 3691 711 3746 Deliberandum
731 3695 791 3746 mihi
813 3704 856 3748 est
874 3691 1010 3761 -inquit
1029 3700 1122 3740 orator
1141 3719 1174 3728 -—

76 3778 147 3844 unde
165 3777 336 3849 potissimum
355 3776 517 3844 defendendi
536 3778 636 3829 initium
654 3777 749 3829 faciam
769 3807 781 3817 ·
801 3804 812 3814 ·
832 3777 882 3828 hue
902 3784 990 3828 autem
1015 3775 1040 3826 in
1060 3791 1088 3826 re
1108 3772 1174 3827 deli·

76 3863 195 3916 berenda
222 3863 286 3916 illud
314 3863 374 3914 mibi
404 3861 596 3915 dubitationem
625 3875 715 3915 moret
743 3875 793 3916 eet.
839 3860 920 3925 Quod
944 3862 966 3914 si
986 3857 1106 3931 ἀπορῶ
1124 3859 1176 3928 μὲν

75 3939 123 4000 οὖν
140 3949 309 4009 scriberetur,
333 3944 433 4019 ἀπορῶ
451 3958 478 4001 et
496 3942 602 4015 μάλιστ’
622 3943 722 4018 ἀποροῖ
739 3949 808 4000 inter
825 3965 855 4000 ee
873 3947 1082 4017 respon-derent3
1101 3944 1175 4018 quod

74 4043 163 4087 tumen
187 4035 209 4086 si
234 4034 271 4086 ite
298 4043 387 4096 esset,
417 4033 540 4105 prolecto
559 4050 613 4085 non
632 4029 649 4083 d
666 4027 698 4084 tt
714 4051 750 4101 μυ
766 4031 846 4086 ποιοῖ
861 4027 968 4102 μάλιστ’
988 4028 1189 4098 ἀποριῒνάἰοί,

74 4120 229 4190 oportebat,
248 4119 297 4173 sed
317 4114 381 4171 δ’δὲ
398 4115 505 4187 μάλισθ
526 4115 644 4189 ἀπορεῖν
659 4135 695 4185 μυ
707 4118 800 4184 ποιοῖ.
959 4185 974 4234 't'
1008 4182 1015 4196 .
