2940 5026
301 905 544 987 Enttoyorlss.
568 905 701 991 §8-11.
863 905 1071 986 Επίλογος.
1096 906 1113 990 §
1140 907 1272 971 10-13.

106 1012 277 1100 (p10)y8.‹ll·
323 1007 501 1072 Convictus
537 1018 569 1071 et
592 1007 839 1069 verisimilitul.
884 1005 918 1068 Si
943 1028 1008 1069 non
1032 1008 1093 1070 nisi
1117 1007 1290 1071 verisimile
1303 1018 1370 1081 est,
1391 1018 1441 1068 α6.

199 1098 241 1150 10.
322 1093 398 1156 dine
422 1103 454 1157 et
476 1115 496 1155 a
518 1092 737 1178 praesentibus
753 1094 808 1155 ab·
884 1110 903 1153 a
927 1112 976 1153 me
1000 1094 1144 1155 occisum
1168 1114 1242 1156 esse
1257 1093 1373 1169 virum,

320 1179 405 1242 solvi
419 1201 484 1242 nou
497 1179 619 1261 poterit
630 1199 730 1239 reus·
743 1176 808 1259 §9-
884 1175 1012 1239 absolvi
1036 1198 1086 1239 me
1110 1190 1256 1261 oportet,
1272 1179 1299 1240 si
1318 1200 1373 1241 vo·

139 1276 242 1353 ysam,
303 1262 337 1349 a)
354 1263 558 1347 nequeenim
575 1283 715 1345 unquam
732 1284 809 1325 con·
883 1281 956 1322 rum
990 1284 1055 1325 non
1090 1275 1155 1335 est,
1184 1263 1328 1326 occisum
1352 1284 1373 1326 a

324 1348 407 1411 vinci
424 1357 580 1432 poterunt
590 1347 808 1419 insidiatores,
884 1367 935 1408 me
948 1347 1050 1409 virum
1065 1349 1261 1419 esse‚1nulto
1274 1349 1371 1411 etiarn

323 1433 351 1495 si
375 1433 447 1497 haeo
469 1455 534 1497 non
558 1434 639 1496 satis
663 1444 741 1495 sunt
766 1434 808 1497 ad
885 1433 986 1515 magis
1011 1442 1152 1515 oportet.
1177 1434 1252 1497 Nou
1264 1433 1302 1505 is,
1315 1433 1370 1516 qui

321 1518 565 1602 coarguendum
590 1555 630 1566 —
653 1517 723 1602 §10
750 1555 784 1566 -
883 1517 914 1578 ἰη
929 1518 1463 1608 suspicionemincurritsedanys.

174 1619 239 1690 pll.
301 1602 333 1689 b)
357 1625 416 1667 nec
444 1606 526 1666 satis
560 1616 665 1667 tutum
694 1615 750 1667 aut
772 1626 809 1666 u·
882 1601 926 1669 is.
951 1604 1005 1683 qui
1029 1601 1373 1674 interfecit‚coudem-

255 1696 260 1705 “
322 1688 378 1752 tile
402 1689 635 1760 esthomiuem
653 1710 806 1773 spurcum
883 1687 1012 1749 naudus
1036 1687 1130 1750 estll.
1154 1686 1234 1771 §to
1257 1687 1372 1751 σύντο-

321 1784 354 1837 et
387 1775 565 1836 scelestum
601 1775 724 1845 vivere,
753 1776 806 1856 qui
881 1791 943 1849 μος
967 1767 1156 1858 ἀνάμνησις.

321 1872 354 1921 et
376 1860 539 1922 civitatem
563 1870 595 1921 et
613 1858 702 1922 cives
719 1856 806 1940 flagi·
818 1858 849 1917 ll.
866 1856 899 2003 op
913 1855 936 1936 ¹)
961 1858 1030 1920 Nec
1054 1857 1191 1919 deorum
1205 1855 1281 1919 fana
1298 1857 1370 1942 pol·
1389 1874 1456 1927 ato.

321 1944 368 2007 tio
391 1966 453 2006 suo
477 1944 682 2007 contaminet.
716 1945 805 2029 §lu
896 1962 938 2003 uo
962 1962 1021 2004 nec
1044 1942 1140 2025 impie
1158 1940 1258 2014 faci0,
1278 1941 1370 2025 quod

319 2018 372 2107 εὖ,
395 2031 498 2100 κακῶς
519 2030 696 2095 διαθεῖναι.
882 2048 944 2088 vos
975 2026 1106 2110 judices
1143 2026 1300 2110 imploro,
1334 2041 1370 2090 ut

255 2117 287 2178 11.
320 2115 522 2199 προαίρεσις,
545 2115 563 2198 ξ
590 2116 636 2180 ll.
884 2134 933 2174 me
956 2112 1111 2174 liberetis.

860 2195 885 2277 ²)
909 2199 1131 2259 Accusatores
1155 2208 1261 2259 autem
1286 2206 1319 2259 el
1335 2217 1369 2258 a·

881 2300 1013 2363 grorum
1038 2281 1219 2344 sterilitatis
1237 2280 1367 2365 culpam

881 2364 1083 2429 admiserunt
1122 2378 1155 2429 et
1180 2366 1303 2450 injuste
1336 2387 1369 2429 a·

881 2463 977 2531 gunt,
1001 2450 1091 2533 quod
1120 2472 1181 2512 vos
1204 2450 1247 2513 ad
1269 2451 1370 2534 impia

880 2532 967 2599 facta
990 2536 1156 2619 impellere
1180 2535 1323 2619 cupiunt.
1352 2535 1369 2619 5

859 2703 928 2789 b)¹)
952 2702 1062 2783 Quare
1095 2702 1171 2767 illos
1199 2703 1264 2767 fide
1287 2702 1370 2766 indi·

880 2809 965 2872 guos
989 2786 1116 2852 habete.

859 2873 886 2949 ²)
909 2873 964 2936 Me
997 2887 1104 2936 autem
1138 2873 1202 2957 ipsi
1229 2872 1368 2935 novistis
1386 2874 1433 2945 γ8.

883 2978 983 3040 quum
1016 2959 1114 3041 impie
1147 2980 1212 3021 non
1246 2958 1369 3040 egisse,

882 3056 949 3105 tum
984 3043 1123 3128 plurima
1158 3041 1369 3105 beneficiam

882 3149 950 3190 rom
985 3129 1148 3211 publicam
1179 3127 1369 3190 contulisse.

860 3211 928 3463 οξ)
951 3295 1060 3376 Quare
1094 3315 1144 3358 me
1177 3294 1370 3359 absolvatis.

859 3465 886 3539 ²)
909 3465 1010 3546 Quod
1027 3467 1054 3528 si
1068 3465 1123 3529 ille
1136 3472 1308 3548 superstes
1322 3463 1370 3528 fu·

881 3551 977 3625 isset,
1011 3573 1076 3614 non
1107 3550 1216 3613 solum
1239 3571 1290 3611 me
1313 3550 1370 3612 de·

880 3633 1061 3708 fenderem,
1078 3633 1137 3698 sed
1155 3645 1370 3697 monstrarem

881 3720 993 3794 etiam,
1009 3741 1110 3803 quum
1122 3720 1213 3783 illum
1226 3732 1293 3781 tum
1305 3718 1369 3781 hos

880 3814 1093 3868 accusatores
1117 3827 1183 3868 non
1194 3804 1286 3889 juste
1305 3824 1370 3865 me·

879 3911 951 3952 cum
975 3911 1072 3973 agere
1089 3890 1149 3952 sed
1167 3889 1369 3952 lucricausa.

878 3974 896 4058 ἓ
917 3976 962 4038 13.
985 3964 1034 4053 εὖ,
1049 3976 1153 4046 κακῶς
1171 3974 1348 4038 διαθεῖναι.

814 4064 858 4124 111.
880 4059 979 4131 taos.
1002 4059 1020 4144 ς
1048 4060 1094 4123 13.
