2940 5026
1210 416 1249 482 13

197 609 270 651 esse
303 585 451 652 affirmat.
497 587 617 652 Melius
650 586 717 672 egit
750 583 992 670 uoxopater
1013 586 1045 650 in
1068 587 1124 661 iis,
1147 607 1222 674 quae
1244 586 1293 651 ina

196 691 384 754 scribuntur
406 687 638 776 Προλεγόμενα
658 690 716 775 τῆς
733 685 942 775 Ῥητορικῆς,
964 686 1072 751 Walz.
1095 688 1153 763 VI,
1179 689 1217 753 12
1240 709 1292 773 sq.

195 783 259 872 Qui
290 791 360 855 sive
384 792 512 854 axillis
535 791 617 874 ipsis
641 790 903 874 Prolegomenis,
926 788 997 851 sive
1019 809 1059 851 ex
1082 789 1199 852 eodem
1219 788 1293 854 fon·

196 908 242 963 te.
277 915 344 977 quo
366 893 422 955 illa
445 892 666 965 manaverint,
683 911 743 954 sua
767 889 941 965 derivavit,
963 891 1008 953 ita
1031 911 1050 953 a
1073 888 1197 954 Corace
1220 912 1293 955 ora·

194 997 316 1060 tionem
343 994 537 1078 dispositam
561 1015 636 1056 esse
659 992 767 1055 dicere
791 991 934 1064 videtur,
956 1004 1008 1064 ut,
1030 993 1086 1055 ubi
1110 992 1293 1076 plurimum,

195 1109 262 1160 tres
286 1105 397 1180 partes
422 1106 635 1158 sumerentur.
679 1090 743 1156 Kal
770 1091 810 1156 τὰ
836 1091 898 1174 μὲν
921 1094 1036 1178 πράνια
1062 1129 1096 1142 -
1122 1094 1228 1176 inquit
1253 1131 1288 1145 --

123 1231 126 1236 ·
193 1197 301 1262 ἐκάλει
323 1193 597 1282 προοίμια,τά
619 1193 655 1259 δὲ
676 1193 810 1282 δεύτερα
832 1192 984 1258 ἐκάλεσεν
1006 1190 1172 1274 άγῶνας,
1193 1194 1233 1259 τὰ
1255 1193 1292 1260 δὲ

192 1299 285 1385 τρίτα
312 1296 464 1361 ἐκάλεσεν
497 1294 715 1376 ἐπιλόγους
748 1297 780 1376 (l.
806 1297 824 1360 l.
848 1319 879 1380 p.
907 1296 966 1376 13).
1012 1294 1186 1380 Utcunque
1216 1297 1291 1373 erit,

192 1400 275 1464 illud
310 1399 440 1462 demum
475 1399 673 1462 concludere
707 1400 797 1472 licet,
830 1396 997 1461 aCorace
1030 1409 1063 1461 et
1092 1396 1292 1482 disponendi

193 1513 359 1585 praecepta
383 1499 460 1563 data
483 1522 559 1564 esse
582 1510 615 1563 el
637 1501 820 1573 orationes,
844 1519 926 1582 quas
949 1498 1022 1581 ipse
1045 1497 1211 1575 habuerit,
1233 1500 1291 1563 ali·

192 1624 258 1687 quo
293 1615 383 1664 certo
408 1601 524 1665 ordine
547 1623 622 1664 esse
646 1601 838 1685 dispositas.
883 1598 984 1677 Quod
1008 1621 1046 1663 eo
1071 1600 1290 1664 confidentius

192 1703 301 1788 colligi
337 1711 464 1786 potest,
486 1701 577 1785 quod
597 1703 666 1786 jam
689 1724 708 1765 a
732 1715 848 1765 nat-ura
869 1701 915 1763 ita
937 1700 1078 1763 instituti
1102 1722 1177 1763 esse
1200 1701 1290 1764 vide·

192 1825 278 1878 mur,
311 1815 347 1867 ut
360 1811 403 1872 ,ει
425 1803 565 1867 blandiri
589 1816 622 1866 et
645 1804 839 1888 suppliciter
861 1800 1025 1865 insinuare
1047 1802 1102 1876 iis,
1126 1823 1145 1864 a
1168 1803 1288 1885 quibus

191 1913 243 1968 est
264 1903 389 1987 aliquid
414 1903 608 1986 petendum,
632 1915 664 1967 et
686 1925 753 1967 rem
776 1914 902 1989 gestam
926 1924 1092 1988 exponere
1116 1912 1148 1966 ct
1172 1903 1289 1967 confir-

192 2028 280 2070 mare
314 2014 348 2068 οι
369 2003 412 2067 ad
435 2015 615 2066 extremum
638 2004 807 2088 deprecari
830 2003 954 2088 aliquid
978 2012 1010 2068 et
1033 2005 1189 2088 conqueri
1213 2026 1291 2088 pos·

193 2105 341 2171 simus⁴⁰.

278 2207 346 2272 Sed
369 2217 405 2270 οι
428 2204 470 2269 ad
494 2204 725 2269 Anaximenem
748 2212 964 2279 revertamur,
981 2203 1157 2289 dispositio
1174 2207 1214 2271 ab
1231 2207 1289 2272 illo

190 2308 279 2385 τάξις
301 2308 468 2392 appellata
491 2306 584 2368 esest.
629 2304 705 2383 Quo
728 2305 803 2390 ipso
827 2305 956 2369 nomine
979 2307 1183 2391 posteriores
1208 2329 1290 2390 quo·

193 2431 256 2492 que
279 2407 408 2472 dice-udi
432 2407 577 2492 magistri
600 2406 828 2490 dispositionis
851 2406 1016 2470 notionem
1032 2408 1290 2492 comprehendo·

191 2519 282 2582 runt,
304 2518 341 2571 ut
375 2508 630 2572 Aristoteles
663 2507 1027 2583 Rhet.111‚12exu.‚
1058 2509 1288 2597 Dionysius

191 2610 318 2674 Halic.
353 2607 396 2671 de
429 2607 582 2696 Thucyd.
603 2607 704 2693 judic.
729 2630 759 2693 p.
781 2608 855 2684 826,
876 2610 897 2674 4
920 2609 1040 2684 Reislr,
1085 2611 1288 2698 Syrianus

189 2711 300 2776 Schol.
316 2710 374 2786 IV,
390 2711 452 2774 574
474 2709 597 2778 Walz..
621 2707 764 2773 Theon
788 2709 1035 2798 Progymnasm.
1051 2713 1081 2786 Ι,
1102 2714 1175 2789 157,
1191 2712 1289 2790 3W.‚

189 2812 431 2895 Doxopater
450 2809 561 2892 Ὃμίλ.
587 2809 634 2884 εἰς
654 2807 798 2894 'Audon
820 2812 865 2886 11,
893 2813 1289 2902 138‚12W.‚Anony·

187 2935 272 2978 mus
301 2911 486 2999 Προλεγόμ.
519 2914 583 2976 τῶν
617 2909 724 2997 εὑρέσ.
746 2912 826 2984 Vll,
850 2913 906 2988 53,
929 2917 950 2978 8
972 2913 1043 2988 W.,
1066 2916 1128 2978 alii.
1174 2916 1289 2980 Altera

189 3014 287 3098 hujus
311 3015 358 3076 rei
382 3012 561 3096 appellatio
586 3027 637 3075 est
672 3010 900 3092 οἰκονομία,
924 3035 1021 3098 quam
1045 3017 1169 3098 primus
1192 3038 1289 3079 usur·
1407 3029 1410 3034 ’

132 3166 135 3170 .
188 3135 289 3199 passe
311 3113 443 3177 videtur
467 3112 759 3197 Hermagoras:
782 3112 822 3176 cs.
845 3111 980 3192 Quintil.
1002 3115 1081 3178 Inst.
1106 3113 1162 3178 Or.
1184 3115 1288 3192 111‚3‚

188 3216 232 3280 9.:
255 3215 494 3302 ”Hermagoras
514 3214 689 3300 judicium,
714 3215 936 3300 partitionem,
960 3215 1123 3293 ordinem,
1146 3238 1288 3303 quaeque

188 3317 383 3381 elocutionis
417 3328 508 3392 suut,
542 3317 677 3402 subjicit
705 3318 968 3394 oeconomiae,
991 3340 1066 3404 quae
1090 3318 1205 3385 Graece
1228 3343 1287 3407 ap·

186 3419 308 3504 pellata
342 3440 383 3482 ex
412 3441 489 3483 cura
523 3441 631 3484 rerum
660 3419 914 3484 domesticarum
938 3433 971 3484 et
991 3420 1046 3484 hic
1070 3443 1130 3505 per
1152 3422 1287 3486 abusio·

185 3542 257 3584 nem
281 3520 391 3606 posita
414 3521 543 3584 nomine
565 3520 683 3586 Latino
707 3522 822 3587 caret.”
866 3521 916 3586 Ac
938 3522 1059 3609 legitur
1082 3524 1178 3588 etiam
1194 3520 1284 3608 apud

253 3724 288 3776 40
323 3722 422 3777 Verbis
441 3741 508 3777 usus
527 3743 587 3778 sum
606 3725 743 3779 Ciceronis
763 3726 796 3780 de
815 3725 888 3779 Orat.
906 3725 927 3789 1,
947 3725 989 3787 ao,
1007 3723 1049 3776 90.

253 3824 284 3876 41
327 3821 479 3896 Τάξιτρ.
498 3824 557 3885 223,
574 3825 615 3878 24.
638 3823 740 3888 τάξιν
756 3828 814 3887 238
833 3827 858 3879 4.
879 3822 1003 3887 τάξοιτ
1026 3824 1085 3889 174,
1104 3827 1146 3878 25.
1163 3823 1222 3889 223,
1242 3827 1284 3882 27.

182 3907 287 3978 Saepius
306 3910 389 3961 verbo
406 3906 551 3961 τάττειν
568 3927 623 3963 rem
642 3911 780 3982 significat,
798 3919 827 3963 οι
846 3911 905 3973 214,
923 3912 948 3963 4.
967 3911 1027 3975 220,
1044 3909 1085 3963 22.
1105 3911 1147 3965 30.
1165 3911 1224 3973 231,
1244 3911 1285 3963 15.

180 3988 355 4061 τάττομεν
372 3992 432 4057 236,
451 3995 492 4047 20.
508 3991 690 4063 τάττομεν
707 3994 766 4058 210,
788 3997 827 4050 14.
845 3997 885 4049 21.
903 3992 1058 4064 τάξομεν
1076 3995 1169 4061 218,8.
1188 3995 1286 4059 2207.

181 4075 241 4140 225,
260 4075 285 4130 3
305 4078 345 4131 16.
362 4078 405 4134 27.
425 4079 484 4143 228,
504 4081 545 4134 24.
563 4079 623 4144 231,
641 4079 664 4133 6.
684 4077 743 4144 233,
760 4079 803 4134 23.
831 4083 891 4148 237,
908 4082 952 4138 32.
980 4079 1146 4150 τοξωμον
1164 4080 1224 4145 227
1242 4080 1286 4135 23.

178 4159 366 4219 τάττοντος
385 4163 446 4229 231,
465 4167 506 4219 25.
524 4163 584 4231 230,
602 4167 872 4236 3.τοιιτ1ον221,
890 4168 932 4224 15.
951 4166 1011 4230 226,
1029 4165 1072 4220 27.
