2940 5026
309 394 352 457 20

263 563 348 627 licet.
393 561 494 642 Quod
518 563 546 626 si
570 586 612 627 ex
634 565 726 628 vocis
750 563 855 648 ipsius
879 562 1038 644 ἐπιλόγοο
1060 563 1293 628 construendae
1314 586 1365 628 ra·

263 665 352 729 tione
375 664 514 748 aliisque
536 663 570 727 id
593 687 698 750 genus
721 665 810 750 apud
835 667 1038 749 posteriores
1061 665 1212 729 rhetores
1236 666 1277 729 de
1304 667 1366 730 hac

264 788 300 831 re
333 767 512 851 conjectari
546 777 673 851 potest,
702 768 763 831 lias
791 775 859 830 tres
884 769 1042 831 orationis
1067 776 1177 852 partes
1200 789 1220 830 a
1242 767 1366 831 Corace

263 877 415 953 receptas
431 889 506 931 esse
522 868 740 953 colligendum
759 879 823 939 cst,
838 871 1026 954 προοίμιον,
1042 868 1150 949 λόγον,
1158 868 1185 908 ⁷³
1200 867 1364 948 ἐπίλογον.

263 968 338 1034 Ηοο
360 970 389 1032 si
414 990 525 1032 verum
549 978 615 1044 est,
637 968 734 1048 λόγος
755 970 786 1030 in
811 969 924 1053 plures
949 969 1068 1032 deiude
1086 981 1198 1053 partes
1216 990 1235 1032 a
1251 981 1364 1053 poste·

263 1070 407 1133 rioribus
431 1069 510 1132 artis
534 1069 707 1133 rhetoricae
731 1070 895 1154 magistris
920 1069 1046 1132 divisus
1071 1082 1103 1133 et
1137 1071 1233 1153 quasi
1267 1070 1364 1134 didu-

263 1181 337 1235 ctus
359 1169 463 1234 fuisse
486 1170 695 1234 arbitrandus
720 1181 779 1235 est.
824 1171 908 1234 Post
931 1168 1088 1234 Coracem
1112 1186 1218 1233 autem
1242 1171 1273 1232 in
1291 1193 1364 1233 ora-

263 1274 386 1337 tionum
423 1271 642 1356 dispositione
676 1272 907 1337 constituenda
940 1271 1091 1335 rhetores
1117 1271 1199 1335 duas
1223 1272 1364 1355 ingressi
1393 1332 1395 1337 .

264 1373 418 1439 videntur
453 1394 528 1437 esse
562 1373 648 1447 vias,
684 1395 819 1457 quarum
844 1395 940 1437 unam
964 1373 1128 1456 persecuti
1152 1381 1229 1436 sunt
1252 1372 1364 1436 Theo·

265 1475 369 1539 dorus
392 1487 425 1538 et
447 1472 654 1549 Theodorei,
678 1475 814 1538 alteram
837 1477 1001 1539 Isocrates
1026 1484 1056 1537 et
1081 1475 1136 1557 qui
1159 1475 1201 1538 ab
1216 1473 1274 1537 illo
1288 1495 1362 1558 pro·

263 1576 340 1641 fecti
374 1586 460 1641 sunt.
506 1576 638 1640 Priores
672 1577 719 1640 illi
751 1578 797 1641 ita
832 1576 1082 1660 dispositionem
1107 1576 1305 1650 tractabant,
1328 1589 1365 1639 ut

263 1662 354 1754 non,
368 1700 442 1764 quae
459 1691 570 1762 partes
586 1679 744 1742 universae
760 1678 918 1742 orationis
937 1688 1062 1751 essent,
1075 1687 1273 1761 quaererent,
1286 1677 1362 1750 sed,

264 1802 338 1866 quae
360 1781 510 1864 partibus
537 1781 782 1843 continerentur
805 1781 899 1864 quasi
924 1780 1032 1863 capita
1053 1779 1193 1852 minora,
1212 1779 1364 1861 explora·

264 1892 345 1945 rent.
391 1880 471 1944 lude
500 1880 672 1944 Theodori
701 1881 757 1943 illa
797 1880 915 1943 divisio
941 1881 1099 1944 orationis
1122 1880 1153 1941 in
1176 1881 1365 1965 προοίμιον,

263 1981 498 2070 προδιήγησιν,
521 1981 689 2069 διήγησιν,
723 1981 950 2069 ἐπιδιήγησιν,
972 1982 1165 2067 μαρτυρίας,
1187 1979 1361 2067 τεκμήρια,

263 2083 384 2164 εἰκότα,
407 2084 551 2163 ἔλεγχον,
574 2083 802 2162 ἐπεξέλεγχον,
825 2084 924 2147 ete.
960 2084 1008 2148 cf.
1031 2083 1114 2147 Plat.
1136 2083 1267 2146 Phaedr.
1292 2082 1363 2146 266.

263 2187 303 2251 D.
337 2186 475 2250 Aristot.
509 2185 605 2247 Rhet.
639 2186 700 2258 Ill,
727 2186 773 2247 13.
819 2185 973 2270 Spengel.
1003 2186 1086 2248 Ant.
1110 2184 1242 2267 Scriptt.
1266 2206 1297 2268 p.
1321 2184 1362 2247 92

264 2310 314 2371 sq.
338 2286 530 2349 Stallbaum.
554 2285 596 2348 ad
620 2285 703 2348 Plat.
727 2283 858 2347 Phaedr.
886 2308 918 2368 p.
942 2286 1012 2348 267.
1059 2285 1128 2349 Has
1151 2287 1183 2349 in
1206 2285 1363 2348 infinitam

262 2388 332 2452 fere
355 2387 494 2471 partium
526 2386 764 2450 multitudinem
790 2386 969 2450 divisiones
993 2387 1157 2450 Isocrates
1182 2388 1363 2451 Isocrateo-

265 2512 329 2575 que
352 2489 473 2552 familia
496 2489 612 2551 morati
636 2488 769 2552 tandem
793 2500 878 2554 sunt.
924 2488 988 2569 Qui
1011 2488 1170 2553 orationis
1193 2500 1305 2573 partes
1329 2491 1362 2552 in

263 2591 462 2655 mediocrem
479 2589 642 2672 quendam
661 2613 828 2653 numerum
845 2591 1042 2675 redegerunt
1056 2602 1263 2674 quatuorque
1277 2613 1364 2654 sum·

262 2704 402 2777 pserunt
425 2712 513 2765 esse,
535 2693 729 2776 προοίμιον,
752 2692 919 2779 διήγησιν,
943 2694 1082 2772 πίστεις,
1104 2691 1268 2771 ἐπίλογον.
1315 2690 1363 2754 Cf.

264 2793 418 2879 Spengel.
443 2796 526 2856 Aru,
550 2793 683 2876 Scriptt.
708 2816 738 2877 p.
765 2795 941 2858 itt-159.
987 2794 1113 2858 Horum
1129 2793 1363 2857 veronmnium

265 2895 414 2979 vestigiis
447 2895 493 2957 ita
516 2895 735 2959 Anaximenes
763 2896 925 2959 institisse
947 2897 1086 2970 videtur,
1109 2907 1146 2960 ut
1167 2896 1289 2958 nullius
1312 2917 1363 2958 ra-

264 2998 386 3060 tionem
420 3017 485 3060 non
515 2996 666 3072 liaberet,
690 3020 729 3060 ex
754 2998 845 3062 nullo
868 3007 975 3061 autem
1001 3007 1091 3062 totus
1115 2996 1282 3082 penderet.
1326 2996 1363 3060 ln

264 3100 419 3163 suasione
454 3099 536 3162 enim
561 3111 593 3161 et
616 3099 826 3163 dissuasione
848 3101 1026 3185 προοίμιον
1050 3109 1082 3162 et
1107 3094 1308 3175 ἀπαγγελίαν
1332 3108 1365 3161 et

265 3202 442 3283 βεβαίωσιν
466 3212 498 3262 et
520 3199 778 3285 προκατάληψιν
799 3201 909 3262 inesse
932 3198 1141 3271 monstravit,
1164 3196 1206 3260 de
1230 3199 1362 3284 epilogo

334 3367 367 3419 73
405 3367 445 3421 Cf.
466 3369 553 3420 Anax.
570 3386 598 3437 p.
618 3367 676 3430 228,
696 3370 720 3421 2.
739 3367 798 3431 ⁶234,
817 3369 841 3420 1.
859 3368 985 3439 Prolegg.
1004 3368 1084 3422 thet.
1104 3368 1152 3432 lV,
1171 3368 1212 3431 12,
1225 3371 1256 3422 lt
1277 3370 1363 3423 Walz.

264 3453 325 3505 Hoc
344 3453 367 3504 si
386 3461 460 3506 recte
488 3469 519 3506 se
546 3453 639 3515 hebet,
666 3456 711 3508 ubi
738 3457 892 3508 narratione
921 3471 989 3524 opus
1018 3466 1105 3518 esset,
1134 3473 1191 3508 eam
1211 3456 1300 3509 Corax
1318 3467 1364 3510 aut

263 3535 335 3608 λόγῳ
354 3551 412 3602 aut,
431 3539 458 3591 id
478 3540 552 3610 quod
572 3558 586 3592 a
606 3541 849 3594 verisimilitudine
876 3559 929 3593 non
949 3541 986 3591 ite
1004 3540 1117 3593 alienum
1138 3549 1194 3604 est,
1220 3544 1362 3609 προοιμίῳ

263 3622 448 3690 (καταπόσει)
467 3625 571 3679 videtur
587 3627 737 3680 inclusisse.

337 3713 380 3774 74)
416 3712 489 3765 Addi
508 3715 608 3783 poterit
626 3711 752 3784 ἐπίλογος
770 3730 868 3783 eaque,
896 3731 953 3782 quae
973 3712 1098 3767 credibile
1117 3723 1160 3766 est
1179 3730 1194 3765 e
1212 3712 1361 3766 Theodoro

265 3796 357 3849 addite
376 3798 485 3868 epilogo
513 3799 554 3851 vel
583 3801 726 3871 conjuncte
753 3817 824 3852 esse.
869 3798 937 3851 Nam
957 3816 991 3851 ex
1009 3801 1132 3852 universa
1156 3799 1288 3851 sermonis
1308 3797 1362 3850 So-

264 3882 353 3934 cratici
373 3885 550 3952 perpetuitate
578 3896 703 3955 apparet,
729 3905 783 3938 non
813 3888 901 3938 omnia
929 3902 961 3937 ea
988 3886 1117 3938 orationis
1145 3885 1276 3946 membra,
1304 3902 1363 3955 qnae

265 3967 429 4021 Theodorus
448 3979 601 4039 receperat,
622 3987 685 4022 esse
704 3983 870 4033 enumerata,
890 3970 941 4023 sed
956 3989 1000 4033 ea,
1019 3989 1077 4042 quae
1100 3971 1252 4035 afferuntur,
1271 3989 1362 4024 exem-

264 4053 300 4123 pli
319 4071 402 4107 causa
426 4054 524 4118 afferri,
553 4073 606 4125 qno
636 4057 708 4109 lacto
736 4057 841 4109 videtur
868 4057 1047 4127 philosophus
1076 4056 1110 4109 ad
1137 4057 1188 4109 alie
1214 4054 1363 4109 Theodoro

265 4138 360 4191 similia
378 4142 491 4195 transire
509 4141 639 4212 exempla.
