2940 5026
1133 397 1179 465 λεδ

126 575 215 658 pitur
240 575 394 658 primurn:
416 567 476 658 τὴν
500 564 702 652 ἀπαγγελίαν
715 563 822 632 --ἐπὶ
844 568 889 651 νῷ
912 569 1078 653 προοιμίῳ
1094 566 1150 632 δεῖ
1163 585 1226 632 σω·

112 775 188 840 ’ἐπὶ
221 775 259 839 τὸ
287 776 378 848 τέλος
405 773 600 855 διέλθωμεν,
622 771 725 860 μηδὲν
747 769 826 835 ἄλλο
854 769 1226 855 συμπεριλαμβάνοντες.

117 878 239 958 ‘Quare
271 879 333 941 etsi
367 900 433 940 non
467 885 532 938 tarn
555 876 723 940 enucleate
748 875 789 938 de
813 875 864 937 his
888 875 987 936 rebus
1012 872 1161 956 disputat
1184 876 1226 937 A·

133 980 336 1054 naximeneS‚
370 990 406 1042 ut
440 978 481 1040 de
504 979 543 1040 iis
569 977 709 1040 dubitari
733 987 890 1060 nequeat,
914 985 1020 1038 tamen
1040 973 1115 1056 jure
1140 973 1228 1038 vide·

129 1103 201 1144 mur
225 1081 320 1144 nobis
345 1081 505 1153 arbitrari,
529 1080 782 1142 Anaximeneum
807 1075 1002 1140 narrationis
1025 1097 1129 1161 genus
1146 1075 1228 1138 illud

38 1216 41 1221 ⁴
130 1183 267 1245 alterurn
291 1204 356 1245 non
379 1203 518 1265 prorsus
543 1180 709 1243 diversum
735 1202 809 1243 esse
832 1181 873 1241 ab
898 1200 953 1251 cn,
977 1176 1069 1262 quod
1093 1175 1229 1239 Cornifi·

126 1285 198 1347 cius
223 1283 264 1347 ad
291 1284 429 1346 Hereun.
455 1283 482 1354 l,
496 1286 524 1354 8,
547 1283 581 1345 12
599 1281 677 1344 dicit
694 1304 768 1344 esse
784 1303 887 1365 genus
901 1279 1106 1351 narrationis,
1119 1278 1228 1362 quod
1319 1352 1330 1369 Ι.

128 1386 385 1448 intercurrat
415 1406 491 1446 non
523 1404 730 1465 numquam
761 1381 862 1445 fidei
886 1391 954 1444 aut
975 1380 1230 1443 criminatio-

130 1487 192 1549 nis
231 1497 300 1549 aut
338 1484 605 1548 transitionis
636 1494 703 1546 ant
733 1483 914 1567 alicujus
944 1481 1229 1566 adparitionis

127 1609 268 1655 carisa,
293 1587 383 1670 quod
420 1587 548 1671 Kayser
571 1583 614 1646 ad
639 1585 657 1647 l.
682 1584 700 1646 l.
726 1607 755 1668 p.
780 1584 842 1647 223
867 1582 965 1646 docet
988 1584 1028 1644 ab
1053 1585 1228 1668 Anonymo

128 1689 263 1772 Seguer.
287 1711 317 1771 p.
342 1689 414 1752 435.
442 1689 493 1759 193
518 1686 558 1750 25
581 1684 824 1772 παραδιήγησιν
848 1681 1021 1769 appellari.¹
1062 1683 1110 1746 Cf.
1135 1684 1153 1746 l.
1167 1685 1186 1747 Ι,
1201 1707 1229 1747 v.

114 1776 169 1852 ι17
193 1811 242 1873 sq.
266 1789 304 1852 αἱ
328 1787 364 1852 δὲ
386 1789 662 1873 παρεμπίπτουσι
686 1787 828 1859 πίστεως
852 1786 961 1850 ἕνεκεν
984 1778 1007 1871 ἢ
1028 1784 1184 1871 διαβολῆς
1207 1783 1233 1872 ἤ

128 1887 231 1954 ἄλλον
252 1889 339 1967 τινὸς
361 1888 523 1953 τοιούτου.
548 1888 746 1974 Hujusrnodi
777 1888 971 1951 narrationis
995 1908 1099 1971 genus
1124 1887 1230 1971 quod-

132 1991 207 2055 dam
231 2013 331 2076 quum
354 1993 385 2053 in
410 1990 634 2074 Antiphontea
657 1990 704 2053 VI
727 1989 780 2070 (ef.
797 1990 816 2073 §
834 1989 972 2070 34-40)
988 1987 1231 2050 inveniturtum

134 2095 165 2156 iu
190 2091 372 2156 Andocidis
397 2113 443 2159 ea.
467 2113 542 2175 quae
565 2092 612 2155 de
636 2093 848 2178 mysteriis
865 2089 1231 2159 inscribitur.oratione.

135 2194 202 2258 Sed
220 2193 262 2256 ad
287 2195 481 2268 orationem,
516 2192 557 2257 de
596 2215 659 2277 qua
683 2195 802 2257 mentio
827 2205 892 2268 est,
915 2202 1124 2256 revertamur.
1148 2190 1232 2254 Post

129 2289 331 2375 ἀπαγγελίαν
355 2295 503 2378 sequitur

173 2400 194 2478 β
208 2400 288 2478 εβα
300 2397 315 2457 ί
324 2420 349 2456 ω
363 2413 384 2456 σ
395 2417 435 2466 ις
457 2398 532 2475 (τῶν
556 2417 771 2482 κατηγοροομ.
794 2394 879 2478 λύσ.)
901 2393 921 2480 §
946 2394 1021 2458 25-
1031 2390 1081 2457 Sd.

130 2495 154 2559 1.
198 2494 234 2558 ἐκ
267 2497 331 2557 τῶν
365 2500 546 2577 γενομένων
578 2497 618 2560 νδ
649 2495 761 2560 εἰκότα
794 2497 1015 2582 (propositio).
1061 2494 1113 2558 Ex
1135 2493 1233 2558 'factis

194 2597 273 2682 quid
298 2597 490 2681 collegerint
512 2609 722 2662 accusatores
744 2636 775 2646 -
804 2597 823 2682 δ
848 2597 974 2661 25-29
998 2635 1030 2648 -

173 2699 199 2778 ¹)
224 2710 327 2773 terra,
350 2721 415 2761 non
441 2701 518 2763 mari
543 2699 680 2784 periisse
705 2701 809 2762 virum
832 2697 888 2782 (ὡς
915 2697 950 2761 ἐν
976 2700 1017 2784 τῇ
1041 2701 1081 2785 γῇ
1104 2694 1234 2762 α’πέθα-

194 2822 250 2865 νεν
274 2798 291 2864 ὃ
315 2796 449 2887 οίνήρ)24
466 2839 497 2848 -
517 2801 535 2886 §
559 2802 686 2864 26-27
703 2825 756 2876 -ς

175 2903 200 2985 2)
223 2904 256 2966 in
279 2923 367 2964 rnare
392 2901 570 2964 demissum
593 2923 876 2984 suminersumque
900 2923 971 2965 eurn
996 2921 1081 2984 aqua
1105 2922 1179 2962 esse
1196 2939 1229 2949 -

198 3002 217 3087 δ
242 3003 282 3065 28
299 3026 350 3074 -;
373 3000 535 3086 μαρτυρία
554 3035 585 3044 -

179 3104 205 3184 ³)
228 3103 260 3165 in
284 3102 357 3186 ipsa
382 3124 465 3165 nave
489 3112 637 3166 necatum
662 3124 751 3176 esse,
775 3101 865 3190 quod
883 3125 922 3166 ex
936 3103 1137 3188 sanguinein
1152 3125 1234 3166 nare

197 3216 328 3288 reperto
353 3203 561 3267 concludunt.
587 3203 605 3288 d
630 3206 679 3268 29.
703 3211 850 3290 σημεῖον.

135 3308 170 3372 ll.
195 3303 248 3370 Ex
269 3305 400 3389 βασάνῳ
426 3305 504 3390 quid
529 3306 703 3370 collectum
728 3307 779 3370 sit.
803 3306 822 3391 d
846 3306 981 3371 29-51.

157 3409 195 3472 A.
220 3406 306 3486 Quid
333 3407 477 3470 dixerint
500 3416 619 3473 testes:
642 3431 728 3472 unus
751 3408 859 3490 (liber)
884 3410 1234 3494 obstirratenrgavit,a

198 3531 248 3572 ine
284 3509 428 3572 occisum
463 3531 538 3573 esse
572 3510 751 3583 hominem,
785 3510 868 3573 alter
906 3513 1047 3594 (servus)
1083 3513 1159 3574 olim
1184 3534 1234 3574 me

199 3610 387 3674 testimonio
412 3633 474 3673 suo
498 3611 736 3675 condemnavit.
761 3610 780 3695 §
804 3611 940 3675 29-30.
957 3649 989 3658 -
1005 3614 1177 3697 μαρτυρία.
1197 3650 1231 3660 -

205 3797 237 3846 Ἡ
273 3795 347 3858 §27
364 3785 422 3860 κᾷτ’
443 3793 495 3864 ἐγο)
516 3793 709 3866 ουγγοιροῖἰτῷ
736 3791 844 3846 σοι’των
858 3791 939 3864 λόγῳ,
966 3794 1156 3866 παρεχόμενοι
1184 3795 1237 3864 μὲν

133 3882 198 3933 τοὺς
211 3877 353 3950 μάρτυρας
373 3876 409 3933 οὖν
428 3875 476 3931 οὐκ
495 3877 592 3948 ἐξέβην
610 3878 639 3931 ἐκ
659 3879 706 3931 τοῦ
724 3876 839 3946 πλοίοις
861 3880 983 3935 Necesse
1007 3895 1050 3934 est
1070 3885 1175 3954 signum
1195 3883 1234 3934 in·

134 3968 325 4036 terrogatiouis
354 3967 417 4037 poni
445 3975 508 4034 post
535 3961 699 4019 πλοίοοτοί.
724 3974 779 4017 not.
802 3966 835 4017 18
861 3965 1234 4038 εδ512.Σογχιορῶοοα-

131 4052 243 4122 junetivi
263 4052 334 4104 modi
354 4062 405 4105 cst.
443 4050 817 4123 Ctssru·ip.1ph.nut384
841 4047 888 4103 εἶτ’
917 4050 969 4122 ἐγο)
997 4050 1076 4121 δίκην
1104 4049 1149 4104 δοῖ
1180 4051 1235 4104 σοῖν

134 4136 233 4199 κακῶν,
255 4134 269 4190 ὃ
288 4141 326 4204 μὴ
346 4134 475 4207 οφαλείις
