2940 5026
317 345 357 409 56

307 514 336 600 c)
359 512 564 594 παλιλλογία.
588 513 607 598 d
632 515 681 578 52.
699 553 739 566 -

264 614 460 678 Ill.Literas
495 637 512 677 a
546 637 598 678 me
633 615 758 701 Lycino
783 619 925 702 scriptas
949 621 981 684 in
1007 643 1088 685 nave
1111 631 1259 707 repertas
1284 641 1363 695 esse,

331 717 512 801 perbibent.
537 716 555 801 b
580 718 715 782 53-56.

310 820 343 906 a)
355 818 549 882 Incredibile
564 830 624 895 est,
637 842 656 881 a
668 843 718 884 me
732 821 844 885 literas
858 823 999 905 scriptas
1014 845 1096 899 esse,
1111 825 1186 910 quia
1203 847 1268 888 non
1278 844 1362 907 opus

331 935 401 982 erat
425 920 522 983 scribi
544 957 575 966 -
596 920 615 1005 ᾗ
639 921 775 986 53-54.
795 963 830 974 -
850 921 970 1005 (εἰκός).

315 1022 346 1108 b)
371 1022 474 1084 literae
498 1030 536 1084 et<
553 1023 737 1086 testimonia
761 1025 844 1087 inter
868 1047 904 1087 se
928 1026 1125 1109 discrepant.
1145 1064 1179 1074 -
1198 1025 1364 1105 §sl-56.

336 1160 371 1169 -
390 1124 561 1208 μαρτυρία.
583 1161 615 1170 -
636 1123 835 1211 [ἐνθύμημα.
859 1132 1018 1212 σημεῖον).

266 1223 322 1287 IV.
337 1224 465 1302 Quibus
505 1225 782 1295 tandemcausis
821 1239 1004 1291 commotus
1039 1228 1199 1291 hominem
1228 1225 1364 1288 necari?

323 1333 465 1410 sponte,
490 1337 526 1388 ut
548 1324 640 1409 ajunt·
661 1327 737 1390 isti?
749 1348 789 1390 en
803 1328 938 1392 timore?
953 1351 993 1392 an
1010 1330 1156 1414 pecuuiae
1168 1325 1363 1412 colligendae

333 1426 454 1490 causa?
477 1425 495 1510 b
520 1426 656 1489 57-59.
1355 1488 1356 1492 ,

267 1529 307 1592 V.
332 1527 526 1622 Defenditur
560 1526 714 1613 Lycinus.
749 1530 767 1615 d
802 1531 938 1595 60-63.
971 1530 1154 1617 teneriores.
1192 1531 1364 1615 μαρτυρία.

335 1651 433 1702 εικος.

267 1731 323 1797 VI.
336 1732 363 1770 ³²
386 1733 437 1794 Ab
450 1730 698 1793 accusatoribus
711 1731 826 1794 iterum
840 1753 878 1794 ac
890 1733 1012 1816 saepius
1025 1733 1221 1797 inculcatum
1236 1743 1295 1807 est,
1307 1731 1366 1795 bo·

332 1834 448 1896 minem
472 1832 605 1914 reperiri
630 1853 695 1894 uon
718 1854 828 1916 posse.
853 1832 871 1917 d
896 1833 1033 1896 64-73.

309 1935 334 2019 ¹)
359 1935 447 2019 Ego,
480 1932 536 2015 qui
573 1930 700 1996 facinus
734 1955 800 1996 non
834 1933 966 2008 admisi,
1001 1935 1110 1998 dicere
1133 1954 1276 2020 neque0,
1300 1951 1367 2014 quo

331 2036 447 2101 abierit
481 2034 538 2096 vir.
583 2034 681 2119 Saepe
715 2056 780 2097 non
815 2036 1023 2120 reperiuntur
1057 2058 1117 2099 nec
1138 2034 1367 2099 interfectores

332 2160 392 2201 nec
413 2134 591 2210 interfecti,
615 2157 705 2218 saepe
728 2156 804 2197 sero
816 2134 853 2197 ³³.
877 2135 896 2219 d
920 2135 1055 2200 60-67.
1076 2175 1110 2185 —
1129 2138 1211 2209 ἔθος
1229 2173 1264 2183 -

272 2259 467 2271 -ι--ῄι

269 2317 297 2359 et
315 2304 464 2358 accusatori
493 2312 520 2356 et
547 2321 594 2356 reo
622 2306 722 2374 pariter
750 2302 894 2373 astipulari.
931 2303 994 2355 Sive
1013 2322 1046 2356 ex
1065 2307 1142 2358 unius
1161 2304 1292 2366 hominis,
1311 2304 1328 2356 i.
1346 2319 1369 2359 e.

269 2392 354 2453 servi,
374 2390 480 2441 dnobus
501 2392 569 2442 inter
588 2408 618 2442 se
647 2390 862 2460 discrepantibus
887 2391 1047 2442 testimoniis
1074 2409 1117 2443 res
1142 2391 1286 2461 judicetur,
1314 2389 1371 2440 sive

270 2476 333 2547 qnid
352 2493 420 2527 nnus
440 2483 467 2528 et
486 2475 553 2528 ulter
571 2477 596 2528 in
615 2477 766 2528 universum
787 2475 914 2537 dixerint,
934 2486 1080 2545 spectetur,
1098 2477 1162 2529 illud
1183 2476 1262 2528 cerni.
1293 2472 1369 2525 Servi

268 2562 338 2615 enim
356 2563 468 2632 primum
487 2563 617 2632 negantis,
636 2573 701 2632 post
728 2573 815 2612 autem
835 2561 940 2631 ajentis,
968 2564 1121 2614 testimonie
1157 2564 1266 2614 alterum
1296 2559 1370 2611 alteri

268 2649 367 2716 pariter
386 2657 413 2699 et
432 2646 565 2698 dissidere
584 2656 611 2697 et
629 2648 778 2700 convenire.
817 2647 885 2698 Tum
906 2665 969 2698 vero
989 2648 1119 2717 siquidem
1139 2650 1269 2718 ingenuus
1288 2645 1369 2696 homo

270 2748 377 2800 semper
396 2733 545 2801 negaverit,
565 2731 676 2800 abipso
696 2731 864 2782 interfectum
885 2749 947 2782 esse
968 2733 1063 2796 uirrrm,
1081 2751 1176 2786 servus
1196 2741 1284 2783 autem
1299 2729 1370 2780 affir-

269 2818 393 2877 maverit,
422 2827 563 2886 utrumque
592 2827 688 2869 testem
717 2817 826 2868 alterum
847 2817 921 2868 elteri
941 2819 1041 2888 puriter
1068 2827 1095 2871 et
1123 2817 1262 2889 astipulari
1282 2823 1309 2867 et
1328 2832 1369 2867 re·

270 2919 397 2974 pugnare.
434 2901 463 2953 Si
483 2903 562 2974 igitur
579 2903 679 2974 pariter
698 2919 713 2954 e
731 2919 777 2955 reo
798 2913 825 2955 et
844 2912 1004 2956 accusatore
1023 2916 1096 2957 stent
1123 2904 1231 2956 te'stium
1260 2901 1370 2963 indicia,

269 2990 352 3040 moris
381 2979 455 3049 ess'e,
481 2997 511 3039 ut
529 2989 596 3040 alter
615 2988 778 3050 absolvetur,
807 2989 874 3041 alter
893 3006 975 3041 causa
998 2990 1085 3042 cadat.
1105 3019 1136 3030 —
1157 2989 1225 3041 Hinc
1246 2995 1370 3058 apparet,

270 3076 339 3127 servi
359 3075 520 3126 mentionem
535 3074 594 3126 hnic
609 3077 830 3144 argumentationi
845 3075 943 3126 abesse
954 3081 1015 3127 'non
1035 3077 1165 3144 potuisse.
1202 3073 1370 3142 Hirsrhigius

270 3161 344 3231 quod
372 3171 499 3230 preterea
526 3159 541 3209 l.
564 3158 581 3210 l.
609 3157 643 3209 de
669 3158 719 3211 τοῦ
743 3156 895 3228 ἀνθρώπου
915 3160 940 3210 in
959 3156 1008 3210 τοῦ
1026 3157 1122 3226 ἑτέρον
1140 3154 1293 3227 ἄνθρωπον
1311 3174 1369 3208 mu·

270 3244 353 3296 tando
385 3245 502 3314 loquitur
521 3243 561 3294 cll.
581 3241 595 3309 5
614 3243 648 3293 42
667 3239 805 3293 ἔπειταδ)
825 3239 839 3292 ὁ
859 3240 953 3313 frepus
970 3236 1121 3311 ἅνθρωπος
1138 3238 1208 3303 κτλ,
1230 3258 1369 3312 perperam
1430 3303 1432 3309 ¹

271 3329 352 3380 verbs
370 3328 441 3379 facit.
477 3327 510 3378 H.
528 3327 544 3377 l.
562 3327 630 3377 enim
650 3322 665 3376 ὁ
686 3321 836 3396 ἄνθρωπος
854 3343 946 3377 sert-us
967 3327 1126 3395 intelligitur,
1150 3329 1175 3380 in
1195 3327 1209 3395 5
1228 3329 1263 3378 42
1281 3323 1296 3379 ὁ
1315 3324 1371 3378 ἕτε-

271 3430 320 3484 ρον
338 3406 489 3481 ἅνθρωπος
507 3412 646 3480 ingenuus.
682 3408 762 3473 Quod
782 3411 807 3462 in
827 3411 871 3470 iis,
890 3427 948 3481 quae
962 3422 1118 3481 sequuntur,
1138 3413 1207 3465 idem
1220 3413 1259 3465 vir
1272 3413 1370 3464 doctus

272 3509 333 3550 ante
351 3494 400 3547 τοῦ
419 3491 567 3564 φεύγοντος
587 3495 720 3547 excidisse
741 3505 816 3566 putat
838 3497 1054 3566 prepositioneni
1073 3494 1175 3568 πρός,
1196 3498 1371 3566 probabiliter

273 3583 401 3654 disputat,

343 3670 376 3720 32
414 3666 478 3720 lnde
498 3683 514 3719 e
532 3666 546 3735 §
565 3665 599 3718 ot
620 3665 758 3718 verisimile
777 3675 821 3719 est
837 3667 887 3719 vele
912 3663 1139 3739 προκαταλήψειο
1166 3668 1216 3721 cde
1239 3663 1292 3719 ὑπὸ
1315 3666 1371 3720 τῶν

273 3751 403 3806 ἐναντίων
422 3753 569 3822 εἰρημένας
586 3753 709 3822 incipere.

343 3838 377 3890 33
412 3837 484 3904 §66
503 3835 636 3903 ἐντούτῳ
666 3827 713 3889 οὖν
733 3835 858 3892 ἀναίτιόν
886 3830 958 3904 εἶμι,
986 3835 1035 3890 οὖν
1059 3836 1108 3890 ἰὰν
1131 3840 1169 3906 μὴ
1194 3835 1296 3910 ἒξεὺρω
1316 3835 1370 3906 ὅτῳ

272 3921 368 3996 τρόπῳ
397 3918 506 3989 ἀφανής
533 3919 606 3972 ἐστιν
631 3917 650 3987 ἢ
676 3917 817 3974 ἀπόλωλεν
840 3920 925 3994 ἀνὴρ,
945 3919 1000 3974 ἀλλ’
1019 3920 1047 3974 εἰ
1062 3921 1118 3976 κτλ.
1154 3925 1313 3977 Particulam
1331 3922 1370 3991 μή

272 4023 339 4079 post
369 4004 417 4060 ἐάν
446 4006 607 4059 collocatam
637 4016 710 4058 recte
742 4007 886 4061 defendere
916 4008 1021 4060 ridetur
1048 4010 1175 4062 Maetzner
1203 4029 1229 4081 p.
1251 4009 1304 4062 230
1330 4028 1371 4081 sq.

274 4094 355 4158 Quod
375 4111 437 4147 vero
457 4094 533 4146 uncis
552 4091 663 4144 includit
681 4091 817 4162 delerique
844 4095 900 4145 vult
926 4093 1007 4145 verbs
1024 4090 1044 4168 'l
1061 4091 1212 4156 ἀπόλωλεν,
1235 4112 1289 4148 non
1308 4112 1374 4147 con·
1436 4141 1442 4149 .
