2940 5026
1214 414 1257 480 63

244 603 278 691 d)
301 600 386 668 Tum
408 623 535 668 mecum
557 600 589 665 iu
612 601 749 686 gratiam
770 600 948 666 redierunt.
971 598 991 684 ξ
1011 598 1185 664 39-40⁵⁰.

266 705 310 770 Ut
332 706 350 789 S
373 705 500 769 34-40
535 703 731 767 narrationis
756 704 900 787 speciem
923 700 1191 786 praeseferunt,
1214 702 1301 786 ita§

264 809 392 872 alt-50
416 805 680 869 confirmationis.
729 803 936 915 Usurpaptur
958 803 1041 866 enim
1060 811 1249 888 argumenta
1261 801 1300 866 ἐκ

263 911 416 988 νομίμου,
438 907 475 971 ἐκ
497 909 647 994 σημείου,
669 905 705 969 ἐκ
726 906 914 992 τεκμηρίου,
938 904 973 980 ἐξ
994 902 1129 976 εἰκότος.

221 1014 252 1091 β)
277 1013 310 1097 u)
334 1010 454 1094 Regem
478 1010 594 1094 injuria
619 1002 913 1092 reprehendunt.·§
935 1007 1071 1071 41-43.

244 1112 275 1197 6)
300 1112 353 1175 llle
376 1111 431 1174 diu
456 1120 532 1195 post
555 1110 667 1173 initum
692 1109 733 1171 ab
762 1107 944 1192 excipiente
967 1129 1044 1192 rege
1062 1107 1298 1194 magistratum,

263 1214 412 1297 quamvis
436 1213 571 1287 licuerit,
596 1233 660 1274 non
684 1218 882 1272 accusarunt
893 1209 929 1272 ⁵¹.
953 1209 973 1292 ξ
994 1210 1133 1273 43-45.
1237 1231 1239 1234 ’

198 1381 278 1437 εύθὺς
296 1382 336 1456 τῇ
354 1379 523 1449 ὑστεραίᾳ
541 1372 561 1454 ᾖ
581 1377 596 1433 ὑ
614 1383 681 1436 παῖς
702 1377 852 1437 ἐθάπτετο.
890 1379 975 1433 Codd.
994 1388 1022 1433 et
1039 1379 1108 1433 Edd.
1119 1371 1149 1455 ᾖ.
1187 1377 1227 1431 De
1244 1379 1298 1432 hoc

196 1469 257 1521 loco
279 1468 387 1520 Bestius
408 1465 493 1518 Praei..
514 1466 546 1518 ad
570 1466 656 1536 Epist.
676 1468 733 1519 crit.
752 1486 777 1538 p.
797 1467 847 1521 Vll
866 1468 918 1530 (ed.
939 1466 1060 1530 Sobel),
1085 1466 1241 1518 Stollbaum.
1261 1465 1296 1519 ad

197 1554 265 1607 Plat.
285 1554 413 1625 Sympos.
436 1552 492 1604 173.
511 1555 536 1604 A
554 1553 607 1612 ted.
626 1553 665 1614 3),
685 1551 775 1604 Baiter
794 1552 869 1606 adh.
888 1554 905 1605 l.
923 1561 950 1605 et
969 1553 1003 1604 ad
1021 1550 1084 1621 Lys.
1097 1551 1175 1614 XIX,
1194 1549 1227 1602 22
1247 1551 1296 1603 du-

194 1641 288 1702 bilant,
307 1658 338 1692 an
358 1638 502 1710 legendum
520 1639 555 1690 sit
573 1635 592 1704 'l
607 1629 637 1710 ᾖ.
676 1639 715 1690 Ac
734 1636 882 1691 Sclreibeus
901 1639 927 1691 in
946 1637 1015 1691 edl.
1029 1638 1142 1690 oration.
1159 1636 1298 1707 Lysiacar.

195 1726 212 1781 l.
230 1725 246 1778 l.
264 1722 284 1791 ἢ
299 1717 320 1797 ᾖ
338 1725 444 1793 recepit.
483 1725 610 1776 Maetzner
628 1723 661 1776 ud
680 1724 704 1775 h.
723 1724 738 1776 l.
757 1726 794 1794 (p.
813 1723 876 1790 267)
892 1720 912 1791 ἢ
929 1722 1059 1794 particula
1078 1737 1147 1793 opus
1167 1739 1229 1776 esse
1247 1740 1294 1775 ne·
1392 1780 1395 1785 ,

194 1821 253 1882 gam
273 1811 353 1862 nihilo
373 1821 460 1861 tamen
483 1811 568 1861 minus
587 1810 626 1861 sic
646 1810 774 1878 explicat:
791 1809 827 1882 τῇ
847 1805 978 1878 ὑστεραίᾳ
995 1807 1096 1873 ταύτης
1121 1806 1171 1874 τῆς
1188 1803 1296 1880 ἡμίρας

196 1893 224 1948 ἰν
241 1887 261 1969 η’
280 1891 296 1946 ὑ
313 1897 380 1948 παῖς
404 1891 554 1946 ἐθάπτετο.
591 1896 689 1958 (Aliter
704 1893 740 1967 τῇ
757 1891 889 1966 ὑστεραίᾳ
905 1886 925 1966 ᾖ
943 1895 1126 1964 accipiendum
1145 1906 1188 1946 est
1205 1897 1224 1962 5
1243 1894 1294 1960 ali

195 1984 233 2034 At
250 1983 349 2035 rectius
369 1981 494 2032 scribitur
510 1979 547 2053 τῇ
564 1976 695 2052 ὑστεραίᾳ
712 1976 732 2046 ἢ
750 1974 764 2030 ὑ
782 1981 849 2032 παῖς
869 1975 1019 2032 ἐθάπτετο.
1056 1979 1182 2033 Similiter
1200 1979 1294 2033 Schei-

195 2068 262 2120 beus
291 2069 316 2119 iu
345 2067 426 2118 altera
455 2065 560 2117 demum
587 2066 706 2118 editione
729 2063 792 2134 Lys.
815 2062 950 2125 or.XlX,
969 2065 1011 2118 22.
1047 2066 1087 2117 Ac
1107 2066 1140 2119 de
1159 2066 1208 2119 huc
1227 2066 1294 2119 ecri-

195 2151 406 2205 bondi'ratione
435 2152 536 2220 cogitat
563 2151 720 2204 Stalllraunr.
747 2166 855 2220 quoque
883 2149 917 2202 ad
937 2150 1015 2227 ,ΡΙιίἱ
1043 2150 1135 2223 Symp.
1155 2153 1170 2204 l.
1190 2153 1219 2215 l.‚
1237 2170 1292 2223 quo

194 2239 254 2309 ipso
283 2239 309 2290 iu
336 2240 397 2290 loco
425 2254 458 2288 ex
487 2237 646 2289 auctoritate
673 2236 846 2306 plurimorum
873 2234 953 2288 codd.
975 2236 1118 2307 legendum
1136 2238 1242 2291 ridetur
1258 2236 1304 2312 τῇ

193 2325 326 2392 ὑστεραίᾳ
343 2319 412 2389 ἢτά
431 2319 551 2373 ἐπινίκια
571 2320 661 2374 ίθυεν.
699 2320 739 2372 Cf.
758 2321 827 2373 enim
850 2327 947 2389 praeter
968 2337 1017 2373 eos
1041 2321 1133 2385 locos,
1152 2341 1222 2393 quos
1241 2325 1257 2376 l.
1276 2325 1293 2376 l.

194 2408 281 2459 attulit
299 2408 407 2468 Stallb.‚
426 2406 488 2475 Lys.
507 2406 585 2467 XIX,
604 2410 638 2459 5⁸2
656 2402 759 2457 ἐλάττω
776 2407 828 2475 γάρ
853 2401 950 2456 ούσίαν
969 2403 1097 2459 κατέλιπε
1119 2410 1180 2462 τοῖς
1195 2415 1294 2462 παισίν

192 2489 212 2558 ἢ
230 2490 311 2545 αὐτὸς
328 2493 407 2560 παρὰ
425 2490 481 2542 τῶν
498 2487 755 2561 ἐπιτροπευσάντων
770 2485 936 2558 παρέλαβεν.
971 2490 1099 2561 Hyperid.
1113 2491 1216 2546 Euxen.
1234 2494 1294 2547 Col.

163 2638 165 2643 ,
194 2577 234 2628 19.
254 2569 471 2644 εἰσαγγέλλονται
496 2572 533 2629 ῶς
557 2572 673 2629 πλίσνσς
698 2572 864 2641 μισθοῦντες
883 2575 934 2628 τάς
952 2570 1118 2644 αύλητρίδας
1135 2575 1157 2644 ἢ
1172 2575 1187 2629 ὁ
1206 2575 1292 2646 νόμος

191 2657 307 2720 κελεύει,
325 2659 510 2713 ubi'Cubetus
531 2660 664 2713 Mnenros.
682 2659 715 2712 ll.
734 2678 759 2729 p.
779 2658 830 2711 320
848 2655 986 2725 frustrari*
1009 2656 1026 2712 ὅ
1032 2679 1091 2712 σου
1111 2658 1125 2714 ύ
1145 2660 1231 2730 νόμος
1249 2683 1294 2715 κε-

191 2741 262 2797 λεύει
280 2761 381 2815 ponere
400 2745 462 2796 vult.
503 2744 541 2797 cf.
561 2745 755 2799 Schneidewin.
779 2743 803 2795 in
827 2743 924 2796 Plrilol.
945 2743 1016 2797 Vlll.
1036 2764 1061 2815 p.
1079 2745 1139 2798 343.
1176 2752 1207 2800 ln
1227 2749 1288 2801 loco

190 2829 332 2883 Demostlr.
353 2828 411 2882 adv.
430 2829 540 2882 Macart.
560 2849 597 2882 or.
617 2830 651 2883 43
670 2829 684 2898 §
705 2831 738 2880 62
758 2827 900 2898 legendum
919 2820 1024 2880 videtur
1048 2829 1083 2902 τῇ
1111 2827 1243 2901 ὑστεραίᾳ
1270 2824 1292 2904 ᾖ

189 2913 223 2966 ἂν
239 2912 415 2984 προθῶνται,
435 2914 479 2965 ubi
497 2911 517 2979 ἢ
533 2908 567 2964 άν
586 2932 700 2986 graecum
719 2931 772 2965 non
786 2924 861 2965 esset
879 2911 923 2974 (cl.
944 2911 1076 2964 Buttmau.
1096 2913 1129 2965 ad
1151 2914 1291 2968 llemosth.

190 2999 256 3052 Mid.
276 3008 330 3050 not.
350 2997 391 3048 99.
410 3015 434 3065 p.
456 2999 509 3062 76),
527 2994 546 3064 ἢ
563 2991 583 3070 ᾗ
601 2994 634 3050 ἅν
650 2997 861 3068 repugnantibus
881 2996 954 3048 libris
973 2996 1047 3049 MSS
1062 3015 1289 3067 supervacaneum

190 3095 273 3136 esset.
318 3079 446 3133 Nimirum
474 3082 499 3133 in
528 3084 675 3144 sententia,
705 3082 749 3133 ubi
780 3081 814 3134 de
841 3098 870 3134 re
898 3082 1021 3134 universe
1040 3095 1141 3153 agatur,
1159 3085 1199 3136 vel
1217 3075 1238 3157 ᾖ
1255 3079 1291 3136 ι’ίν

189 3169 346 3237 scripturam
366 3184 446 3236 prate
465 3168 655 3235 interpretandi
676 3168 754 3236 copia
772 3167 814 3218 rix
833 3167 890 3219 erit.

260 3254 293 3303 59
329 3251 397 3320 §40
415 3282 426 3292 ·
446 3282 457 3292 -
476 3249 522 3306 σὺς
540 3250 615 3322 ἑώρα
632 3270 683 3319 μοι
698 3250 732 3324 τῇ
750 3253 877 3322 προτέρης
903 3249 1031 3306 συνόντας
1056 3257 1103 3304 καί
1130 3247 1290 3323 διαλεγομέ-

188 3355 260 3392 νσυς.
305 3338 374 3389 Post
400 3338 457 3390 hoec
484 3338 565 3389 rerba
593 3337 714 3407 Sauppio
743 3337 846 3389 videtur
873 3337 972 3391 deesse
998 3338 1216 3390 ΜΑΡΤῬΡΕΣ
1245 3341 1286 3393 cll.

188 3424 202 3492 §
227 3426 255 3474 15
275 3432 302 3476 et
321 3423 354 3485 V,
372 3422 414 3475 61.
451 3424 488 3474 At
505 3433 637 3493 repugnat
655 3421 696 3485 id,
715 3422 788 3492 quod
807 3421 874 3475 infru
894 3422 997 3485 dicitur,
1014 3421 1101 3474 ταὺτα
1116 3424 1167 3494 γὰρ
1188 3419 1219 3476 ού
1235 3422 1289 3492 μύ-

186 3526 234 3560 νυν
250 3505 385 3578 μάρτυσιν
401 3504 466 3575 ὑμίν
482 3503 659 3569 ἀποδείξω
681 3503 739 3558 κτλ.
776 3506 939 3570 Concedam,
967 3508 1065 3562 deesse
1092 3510 1183 3578 potins
1211 3509 1285 3577 ejus-

187 3593 259 3644 modi
278 3593 380 3644 titnlum
401 3591 415 3661 §
433 3591 468 3644 43
486 3605 552 3663 poet
570 3611 609 3644 rr.
630 3585 669 3646 εἷς
682 3594 733 3645 τάς
752 3591 877 3647 εὐθύνας.
915 3592 954 3646 cf.
972 3593 1007 3655 V,
1026 3593 1067 3644 61.

257 3679 288 3728 at
326 3677 394 3745 §45
413 3708 425 3718 ·
445 3708 456 3718 ·
476 3682 522 3729 καί
540 3670 672 3731 εἶσιὸντες
700 3671 730 3729 σί
753 3674 898 3745 βουλευταί
921 3675 1135 3746 πρσςεὺχσνται,
1157 3669 1194 3727 ῶν
1210 3674 1285 3746 κάγῶ

186 3758 225 3816 εἷς
241 3752 276 3826 ἢν
294 3757 309 3812 ὑ
327 3758 414 3811 ταύτὰ
431 3757 562 3827 πράττων
579 3765 625 3810 καὶ
654 3754 693 3813 εἷς
717 3755 802 3811 τάλλα
828 3755 891 3831 ἱερά
912 3757 1003 3811 πάντα
1021 3754 1115 3811 εἶσιῶν
1137 3762 1209 3826 μετά
1235 3760 1285 3827 τῆς

184 3844 284 3916 βουλῆς
304 3850 351 3896 καί
369 3843 447 3896 θύων
463 3850 509 3895 καί
537 3841 682 3909 εὑρόμενος
700 3841 769 3911 ὑπὲρ
792 3843 842 3909 τῆς
864 3840 973 3898 πόλεως
997 3841 1113 3909 ταύτης,
1140 3848 1187 3896 καί
1213 3848 1286 3916 πρός

183 3928 291 3984 τούτοις
308 3926 496 3999 πρυτανεύσας
514 3930 566 3993 τήν
580 3925 695 3998 πρῶτην
711 3930 879 4000 πρυτανείαν
897 3927 1007 3981 ἅπασαν
1025 3925 1096 3994 πλὴν
1120 3925 1198 3981 δυσίν
1216 3926 1284 3997 ἡμί·

183 4034 247 4086 ραιν
264 4020 310 4066 καί
330 4009 481 4082 ἱεροποιῶν
495 4017 542 4064 καί
560 4009 638 4064 θύων
654 4009 721 4080 ὑπὲρ
740 4011 790 4079 τῆς
808 4008 1012 4083 δημοκρατίας,
1036 4018 1083 4065 καί
1102 4011 1285 4084 ἐπιψηφίζων

181 4098 238 4152 κτλ.
283 4099 322 4151 lix
342 4101 386 4151 illa
404 4100 603 4170 participiorum
624 4099 702 4168 copie
721 4099 776 4151 hnc
795 4115 829 4150 ex
848 4114 923 4169 aquo
944 4099 1061 4152 interae
1080 4101 1217 4170 particulis
1235 4104 1283 4151 καί

181 4185 305 4255 copulata
324 4193 400 4238 sunt:
418 4181 550 4255 πράττων
563 4193 589 4242 ÷
605 4190 651 4237 καί
666 4179 818 4255 ἱεροποιῶν
837 4188 883 4236 καί
892 4180 970 4236 θύων
986 4193 1012 4246 ÷
1031 4181 1213 4254 ἕπιηιηφίζων
1224 4181 1283 4239 κτλ.
