2940 5026
1195 391 1233 454 71

251 563 299 626 De
328 561 585 630 narrationibus,
609 581 683 644 quae
706 581 807 644 supra
831 567 923 631 sunt,
946 557 986 622 cf.
1010 558 1052 622 ad
1077 560 1208 645 antiph.
1233 582 1280 626 or.

247 663 288 725 V.
312 676 345 727 et
368 663 514 727 Anaxim.
539 660 611 735 220,
640 664 675 726 10
699 682 771 745 sqq.
796 661 866 734 231,
890 660 910 723 9
933 682 983 744 sq.

183 763 237 827 Ill.
252 763 301 826 Dc
323 763 451 848 legibus
474 772 507 825 et
524 762 729 847 juramentis.
753 761 772 846 §
796 762 954 826 70-11111,

230 866 257 928 l.
279 864 475 944 παλιλλογία
499 885 625 936 eorum,
650 883 724 946 quae
745 865 779 926 in
803 865 821 947 §
845 863 973 926 34-69
996 871 1083 926 sunt.
1106 861 1125 946 §
1149 864 1199 928 70.
1223 901 1256 911 -

248 967 470 1030 Accusatores
505 987 545 1027 ex
581 964 707 1049 legibus
731 974 764 1026 et
786 963 959 1038 institutis,
983 983 1057 1047 quae
1079 985 1166 1028 nunc
1189 974 1282 1040 sunt,

191 1059 194 1064 ”
249 1088 300 1129 me
322 1073 533 1140 accusarunt,
556 1064 616 1128 sed
641 1087 682 1127 ex
698 1063 997 1149 psephismatcjam
1014 1066 1175 1150 abrogato
1188 1086 1282 1132 accu-

251 1167 409 1230 sationem
433 1176 620 1250 capessunt.
643 1163 663 1248 §
687 1166 736 1228 71.
759 1162 935 1252 πρόθεσις.

232 1266 261 1331 2.
283 1270 317 1356 a)
341 1269 374 1353 c)
409 1267 458 1330 De
482 1265 706 1351 psephismate
729 1266 942 1344 Patroclidis,
967 1267 1056 1353 quod
1080 1278 1153 1333 crat
1185 1268 1226 1333 dc
1248 1291 1282 1334 a·

253 1369 392 1430 mnestia
407 1404 444 1415 -
463 1366 483 1451 §
507 1366 634 1431 72-79
653 1406 688 1416 -

228 1468 260 1554 ὁ)
284 1467 325 1531 de
340 1466 520 1544 Tisameui,
537 1468 628 1553 quod
646 1477 716 1532 erat
731 1468 773 1533 de
789 1468 898 1555 legum
913 1471 1097 1556 δοκιμασίᾳ.
1114 1471 1281 1556 §80-84.

226 1571 255 1657 c)
279 1570 416 1643 Placuit,
452 1591 507 1632 eas
542 1570 633 1656 leges
668 1571 768 1646 solas,
792 1591 866 1653 quae
889 1592 931 1634 ex
952 1570 1091 1636 Euclide
1115 1571 1282 1637 Archoute

249 1670 466 1756 promulgatas
500 1681 626 1737 essent.
660 1693 722 1756 pro
755 1673 835 1735 ratis
859 1671 987 1748 haberi,
1011 1672 1168 1758 solasque
1190 1673 1281 1760 leges

250 1774 391 1856 scriptas
415 1773 524 1836 valere
537 1772 572 1836 ⁶⁰.
596 1774 615 1858 §
639 1774 774 1839 85—87.

228 1874 263 1961 d)
286 1872 472 1938 Conclusio.
497 1874 516 1959 §
539 1875 675 1940 88-89.
698 1875 837 1955 ἔλεγχος.

207 1977 241 2063 β)
263 1975 462 2039 duraverunt
483 1977 567 2039 iuter
584 1998 619 2040 se
634 1978 739 2050 cives,
756 1997 884 2051 eorum,
900 1997 975 2060 quae
990 1985 1065 2040 ante
1081 1975 1167 2042 facte
1180 1977 1282 2043 dicta·

251 2097 316 2159 quc
340 2087 467 2150 essent,
490 2079 617 2141 veniam
641 2091 673 2141 et
695 2078 892 2141 oblivionem
916 2077 993 2140 fieri.
1018 2078 1036 2161 §
1059 2080 1194 2143 90-91.

204 2177 236 2263 γ)
261 2179 310 2240 lle
342 2176 451 2262 legum
485 2188 518 2241 et
552 2189 780 2242 accusatorum
803 2179 887 2242 inter
909 2179 1003 2264 ipsos
1027 2180 1161 2244 ratione.
1208 2179 1282 2260 Qua

245 2278 397 2362 inculpa
419 2291 589 2343 versantes
612 2279 676 2363 ipsi
699 2280 782 2343 alios
806 2281 1007 2352 insimulent,
1032 2283 1216 2366 exponit-ur.

225 2381 258 2467 a)
282 2380 457 2464 Cephisius
482 2380 561 2463 quid
586 2381 762 2464 deliquerit
778 2381 851 2464 -ἕ
874 2382 1002 2445 92-93
1020 2415 1058 2430 -

227 2482 259 2567 b)
283 2480 362 2566 quid
385 2479 581 2544 Meletus-
601 2481 620 2566 §
644 2483 741 2546 94-

227 2584 257 2670 c)
280 2581 360 2666 quid
383 2581 574 2666 E'pichares.
598 2582 618 2667 §
640 2582 798 2647 95—102.

224 2686 254 2750 3.
276 2679 466 2768 ἀνάμνησις.
501 2682 541 2746 cf.
565 2682 582 2766 ἓ
606 2684 655 2747 71.
700 2683 735 2747 si
759 2705 848 2769 quos·
869 2705 1012 2769 unquam
1036 2685 1194 2749 rationem
1217 2684 1284 2769 pri·

249 2807 341 2849 orum
377 2783 538 2847 factorum
571 2784 711 2848 reddere
745 2786 907 2869 oportuit,
941 2787 961 2849 ii
986 2797 1196 2850 accusatores
1220 2785 1283 2848 mei

249 2894 341 2958 sunt,
364 2906 430 2946 non
454 2905 524 2966 ego.
570 2883 637 2947 Sed
661 2905 775 2948 omnes
797 2883 909 2948 ἄδειαν
921 2896 1125 2970 acceperunt.
1137 2883 1281 2970 αὔξησις.

226 2983 363 3165 lltlllle
386 2985 472 3148 llllltba
496 3107 569 3148 esse
594 3083 759 3159 videmuS‚
783 3105 820 3148 ca
844 3085 961 3148 civium
985 3085 1069 3149 inter
1091 3107 1128 3150 ss
1150 3084 1282 3148 concili·

180 3338 252 3376 casa.
287 3321 368 3375 Unde
387 3332 499 3394 apparet
516 3323 580 3376 rote
598 3316 708 3377 ἰδόντας
723 3323 815 3384 solos,
834 3340 887 3375 non
904 3324 968 3378 corle
986 3315 1105 3386 aldricus,
1125 3331 1281 3394 repetere

183 3423 269 3476 posse
296 3403 574 3476 (ἀναμιμνήσκεσθαι)
598 3410 695 3461 vetaris
727 3408 865 3479 eujusdam
896 3410 1029 3462 memoriae
1059 3409 1283 3462 recordationem.

184 3491 306 3545 Ceterum
328 3487 358 3544 οἱ
373 3487 479 3547 ἰδόντες
498 3493 576 3546 iidem
600 3503 663 3548 suut
681 3489 711 3546 οἰ
728 3488 848 3556 εἰδότες,
868 3513 923 3548 non
946 3511 1009 3549 vero
1034 3489 1065 3546 οἱ
1081 3489 1186 3548 εἰδότες
1203 3493 1293 3546 iidem

184 3572 215 3630 οἱ
232 3571 347 3632 ἰδόντες.

252 3679 286 3730 66
321 3677 392 3742 §86
411 3679 481 3732 ὅπου
500 3670 547 3731 οὖν
565 3676 683 3750 ἀγράφῳ
701 3676 776 3747 νόμῳ
798 3676 846 3729 οὐκ
872 3674 962 3739 ἔξεστι
988 3675 1161 3748 χρήσασθαι,
1186 3667 1205 3743 ἧ
1227 3696 1282 3730 που

183 3760 300 3833 ἀγράφῳ
316 3781 346 3832 γε
361 3763 523 3832 ψηφίσματι
546 3761 723 3814 παντάπασιν
740 3759 778 3814 οὗ
798 3759 854 3813 δεῖ
868 3780 904 3831 γε
923 3760 1092 3832 χρήσασθαι.
1130 3761 1280 3833 Hirsehlgio

180 3866 237 3902 nou
266 3848 360 3916 injurie
386 3846 532 3898 absurdum
560 3847 666 3900 videtur
694 3845 793 3916 duplex
811 3848 857 3916 γέ.
898 3847 1028 3899 Fortasse
1059 3848 1226 3899 ΟΤΔΕΙΙἜ
1248 3865 1281 3900 ex

186 3931 362 3986 omos!
376 3932 549 4004 depravatum
568 3928 712 4003 aliquando
732 3945 782 3985 cst.
816 3930 892 3983 Nihilv
907 3939 964 3993 est,
983 3931 1056 4000 quod
1076 3932 1170 3984 iisdem
1190 3932 1279 3984 verbis

182 4018 381 4073 recurrentibus
413 4013 519 4082 (1me
545 4014 722 4090 χρήσασθαι,
753 4015 811 4069 ἔστι
839 4015 1012 4086 χρήσασθαι)
1040 4016 1195 4070 offendaris.
1239 4015 1280 4070 Cl‘.

181 4111 311 4158 annotatt.
330 4103 370 4158 15.
390 4103 430 4156 57.
448 4102 489 4156 60.
