2940 5026
1142 414 1207 498 21>

128 594 251 662 autem,
267 584 323 670 qui
339 584 472 650 definite
488 592 545 649 aut
561 583 684 649 diserte
700 583 828 661 dicitur,
845 607 910 650 non
927 584 1055 661 docuit,
1072 584 1131 650 sed
1149 593 1229 670 poet

127 685 386 772 προκατάληψιν
408 687 503 770 sequi
527 686 611 750 dixit
632 685 900 767 παλιλλογίαν
928 687 998 750 siae
1029 686 1229 767 σύντομον

127 785 355 875 α’νιίμνησιν
384 797 416 850 et
448 787 588 870 φιλίαν
616 786 670 852 καὶ
692 786 810 874 χάριν
832 787 887 852 καὶ
909 788 1025 852 ἔλεον
1047 798 1105 852 aut
1127 787 1228 871 φθό-

128 913 196 955 νον
219 888 275 953 καὶ
296 891 449 975 ἔχθραν
471 888 525 953 καὶ
549 885 719 977 δργηνίό.
766 890 922 953 Similiter
944 891 976 953 in
994 889 1182 954 laudatione
1195 900 1228 972 et

128 991 368 1075 vituperatione
391 992 632 1075 perorationem
657 991 829 1066 describit,
851 992 1086 1055 non-nominat
1109 1015 1138 1077 p.
1156 993 1227 1068 227,

129 1092 170 1155 32
187 1113 251 1176 sq.:
274 1091 570 1180 παλιλλογηααντες
596 1092 632 1156 ἐν
659 1093 828 1176 κεφαλαίῳ
856 1092 895 1156 τὰ
917 1097 1156 1179 προειρημένα,
1178 1114 1229 1157 τε·

127 1191 244 1280 temris
265 1192 338 1280 ἤτοι
361 1192 492 1280 γνώμην
519 1187 541 1281 ἢ
562 1192 741 1281 ἐνθύμημα
763 1192 864 1259 παντὶ
886 1192 1038 1278 τῷλόγῳ
1062 1194 1226 1280 ἐπιθήσο-

126 1317 196 1375 μεν.
240 1295 369 1359 Eodem
392 1295 492 1359 modo
515 1297 546 1359 in
570 1297 781 1360 accusatione
802 1318 870 1360 rem
893 1297 1029 1382 peragit.
1042 1294 1069 1335 ΙΙ
1110 1297 1147 1360 In
1170 1296 1227 1360 de·

127 1396 275 1461 tensione
298 1398 469 1461 tractanda
498 1407 577 1481 post
598 1398 802 1481 prooemium
824 1397 897 1462 haec
920 1399 1035 1462 ordine
1057 1398 1227 1482 persequi-

129 1506 183 1562 tur
205 1498 333 1562 rhetor:
355 1501 419 1562 τῶν
448 1501 736 1586 κατηγορουμένων
763 1493 785 1561 δι’
805 1498 866 1579 μὲν
889 1498 1010 1564 εἰδέναι
1032 1497 1108 1571 τοὺς
1130 1495 1228 1563 οἶκοί·

127 1620 221 1670 οντας
256 1599 412 1687 ἐποίησε,
445 1595 467 1663 δι’
495 1598 530 1664 δὲ
559 1599 719 1678 δοξάζειν,
752 1601 829 1671 τοὺς
849 1600 1024 1687 μάρτυρας,
1048 1600 1105 1673 τὰς
1127 1600 1227 1684 βασά-

127 1723 214 1780 νους,
241 1700 317 1774 τούς
344 1695 475 1788 ὅρκους,
496 1700 533 1764 τὸ
559 1698 656 1778 εἰκός,
680 1700 718 1763 τδ
741 1699 959 1786 παράδειγμα,
980 1701 1017 1763 τὸ
1041 1701 1226 1788 τεκμήριον,

127 1800 184 1874 τὰς
216 1801 352 1884 γνώμας,
381 1801 421 1866 τὰ
454 1801 687 1890 ἐνθυμήματα,
710 1801 750 1866 τὰ
775 1810 910 1889 σημεῖα,
934 1801 1031 1883 ’μετὰ
1053 1801 1089 1866 δὲ
1109 1803 1228 1867 ταῦτα’

129 1903 186 1987 τὰς
218 1904 491 1992 προκαταλήψεις
516 1905 574 1976 τὰς
595 1901 664 1968 rimi
687 1904 751 1966 τῶν
772 1901 927 1967 ἐναντίων
949 1903 1129 1991 εἰρημένας.
1174 1904 1227 1968 Ex

127 2005 183 2079 iis,
218 2026 292 2088 quae
326 2006 510 2074 attulimus.
544 2007 625 2068 satis
660 2016 813 2088 apparet,
842 2005 1074 2070 Anaximenem
1097 2008 1129 2069 in
1153 2007 1226 2069 aliis

126 2105 226 2168 rebus
250 2105 292 2168 ad
316 2106 471 2170 Coracem
496 2119 529 2171 et
551 2107 739 2170 Isocrateos
763 2106 1225 2181 seaccommodasse,inaliis

126 2205 335 2271 Theodoreis
359 2209 494 2272 similem
520 2231 595 2273 esse
618 2209 773 2272 voluisse.
819 2207 972 2271 Vidimus
994 2209 1100 2293 igitur,
1117 2207 1227 2292 qualia

129 2318 241 2372 essent
264 2331 317 2383 ea,
340 2312 460 2394 quibus
485 2311 590 2375 oratio
615 2310 843 2373 contineretur.

213 2410 285 2473 Jam
311 2432 388 2474 vero
412 2411 454 2474 ad
478 2434 547 2476 eam
572 2411 763 2475 devenimus
775 2412 934 2475 institutes
947 2411 1135 2496 scriptionis
1152 2433 1225 2496 par·

128 2520 208 2584 tem,
232 2532 296 2595 qua
320 2534 394 2596 quae
417 2523 508 2577 esset
529 2515 560 2577 in
579 2513 783 2576 orationibus
800 2513 1014 2597 Antiphontis
1032 2524 1064 2576 et
1082 2513 1226 2578 Andoci-

128 2613 179 2676 dis
212 2636 320 2678 rerum
344 2615 537 2699 dispositi0‚
561 2626 723 2699 quatenus
747 2613 788 2677 ad
814 2623 981 2699 praecepta
1003 2615 1225 2680 Anaximenea

125 2726 243 2799 posset
264 2717 521 2790 accommodari,
545 2717 759 2802 quaesiturum
782 2738 833 2780 me
857 2740 932 2780 esse
955 2717 1032 2782 dixi.
1078 2717 1225 2798 Quarum

127 2816 257 2900 quidem
293 2819 476 2882 orationum
510 2839 584 2902 quae
617 2821 659 2883 ab
683 2819 887 2902 Antiphoute
910 2820 1044 2904 scriptae
1066 2831 1158 2896 suut,
1181 2821 1224 2886 ad

125 2919 345 2998 δικαιολογίας
378 2918 572 2995 referuntur,
603 2940 677 3002 quae
700 2920 741 2983 ab
764 2919 938 2983 Andocide
960 2919 1003 2984 ad
1025 2923 1227 3008 δημηγορίας

127 3031 248 3104 praeter
271 3042 383 3095 unam,
407 3041 481 3103 quae
494 3019 541 3082 de
564 3020 777 3104 mysteriis
794 3021 928 3083 inscribi
941 3021 1043 3092 solet:
1055 3023 1127 3086 haec
1140 3025 1224 3087 enim

125 3122 157 3186 in
193 3122 309 3186 eodem
341 3143 461 3208 genere
498 3129 564 3190 est.
588 3142 654 3205 quo
678 3119 919 3203 Antiphonteae.
965 3121 1001 3185 lu
1024 3125 1227 3211 κατηγορικηῖ

125 3223 207 3290 εἴδει
236 3235 410 3289 versantur
445 3223 637 3307 Antiphont.
673 3244 737 3286 orr.
759 3223 784 3286 Ι.
806 3223 851 3298 ΙΙ,
874 3244 895 3287 α
918 3221 946 3287 δι
968 3245 996 3305 γ.
1018 3223 1080 3301 ΙΙΙ,
1102 3246 1123 3289 α
1146 3224 1174 3290 δι
1195 3248 1224 3307 γ.

126 3325 183 3401 IV,
205 3348 226 3389 α
249 3325 277 3389 δι
300 3348 328 3405 γ,
351 3326 382 3389 in
405 3321 635 3412 δπολογητικῷ
657 3335 766 3388 autem
790 3345 851 3399 eae,
874 3346 949 3407 quae
971 3324 1071 3412 hujus
1093 3329 1223 3411 generis

129 3437 207 3491 sunt
229 3427 369 3511 reliquae.
404 3426 530 3490 Andoc.
555 3449 602 3491 or.
624 3427 663 3490 ΙΙ.
686 3425 730 3491 ed
753 3425 995 3512 προτρεπτικδν
1017 3421 1104 3501 εἶδος
1126 3428 1225 3494 refer·

126 3537 188 3602 tur,
212 3549 258 3592 or.
281 3528 336 3592 ΙΙΙ.
359 3527 402 3592 ad
426 3522 681 3615 ἀνατρεπτικόν,
705 3550 751 3592 or.
775 3526 832 3602 IV,
855 3550 930 3612 quae
952 3538 1058 3593 tamen
1078 3532 1224 3616 cogitan-

125 3629 203 3694 dum
238 3641 291 3694 cst
312 3653 353 3694 ne
374 3629 539 3694 Andocidi
562 3639 651 3694 reete
674 3629 881 3714 abjudicetur
892 3629 928 3704 Π,
951 3631 1122 3694 maximam
1149 3653 1223 3717 par-

197 3816 229 3867 ⁷5
266 3816 352 3868 Anax.
372 3833 395 3868 c.
415 3815 456 3868 34.
474 3834 499 3885 p.
519 3817 578 3879 222,
597 3816 631 3867 27
649 3840 683 3854 -·
702 3817 761 3879 223,
782 3811 823 3868 18.
841 3814 900 3878 225,
920 3816 997 3872 1-3.

195 3900 229 3953 76
266 3900 608 3971 Anax.p.233‚15-23.

94 3996 96 4000 ’
195 3986 229 4037 77
266 3985 306 4040 Dc
334 3987 383 4040 hac
411 4004 439 4040 re
468 3986 639 4058 disputarunt
665 3986 683 4039 Ι.
711 3987 814 4059 Taytor
841 3987 925 4042 Lectt.
952 3989 1057 4060 Lysiae.
1081 4008 1102 4043 c.
1125 3990 1172 4044 VI.
1195 4010 1221 4063 p.

124 4071 271 4126 694-696.
289 4073 379 4138 (Tum.
398 4073 445 4126 VI.
464 4093 488 4146 p.
509 4073 647 4127 261-268
672 4073 786 4139 deicio),
814 4073 846 4128 D.
870 4075 1043 4128 Rhunlrenius
1066 4074 1136 4127 Hist.
1159 4075 1221 4129 erit.

125 4158 171 4212 Or.
190 4159 236 4213 Gr.
253 4178 281 4232 p·
300 4158 414 4213 19-23.
433 4159 474 4214 ed.
493 4160 573 4215 Rutil·
593 4158 660 4231 Lup.
678 4160 834 4215 Frotecher.
854 4160 927 4232 Lipe.
947 4160 1022 4214 1841.
1040 4159 1131 4228 (Tou.
1148 4162 1221 4217 VIII.
