2940 5026
331 389 368 453 12

284 567 339 623 tea
371 556 499 623 fuisset.
545 558 680 623 Varium
714 565 822 622 autem
856 565 889 621 et
921 556 1076 622 mutabile
1100 577 1231 641 semper
1253 555 1383 640 plebem

286 681 361 724 esse
395 672 503 736 ratus,
538 681 638 745 quum
671 658 762 723 nulla
784 679 819 721 re
843 667 1061 743 praeterquam
1084 659 1233 722 oratione
1256 659 1382 721 animos

285 761 451 825 hominum
475 762 649 846 temperari
672 759 813 834 videret,
837 759 879 823 ad
903 781 983 822 sana
1005 759 1142 822 consilia
1159 760 1317 843 populum
1334 757 1383 822 di-

285 863 391 927 cendo
415 861 583 947 impellere
606 871 663 925 aul
685 882 825 924 avocare
848 860 935 944 apud
956 861 1095 923 animum
1112 882 1206 923 suum
1224 862 1382 924 statuisse

285 961 447 1028 dicitur³⁹.
491 959 666 1025 Εἰσελθὼν
688 950 747 1025 οὖν
773 997 807 1009 -
831 962 937 1045 inquit
960 960 1073 1024 rhetor
1096 996 1130 1008 -·
1149 959 1185 1024 ἐν
1206 963 1247 1048 τή
1268 959 1382 1048 ἐκκλη-

285 1067 357 1149 σίᾳ,
390 1048 468 1150 ἕνῇ
502 1059 521 1126 ό
555 1064 621 1134 πᾶς
654 1064 890 1148 συνηθροίσθη
923 1063 1041 1149 δήμος,
1076 1060 1219 1149 ήρξαιο
1246 1061 1383 1142 λόγοις

284 1164 482 1251 πρότερον
504 1166 887 1249 θεραπευτικοῖς
914 1162 979 1227 καὶ
1013 1163 1382 1235 κολακευτικοῖς

283 1265 353 1353 τήν
376 1264 593 1351 ἐκκλησίαν
621 1263 687 1329 καί
709 1263 752 1329 τὸ
785 1266 1015 1350 θορυβῶδες
1049 1266 1381 1349 κοιοπραόναι

283 1369 353 1430 τοῦ
374 1364 518 1453 δήμου·
551 1361 669 1431 ἅτινα
703 1364 768 1431 καὶ
801 1368 1037 1490 προοίμια
1071 1365 1250 1430 ἐκάλεσε·
1283 1365 1382 1445 μετὰ

283 1468 326 1533 δὲ
357 1467 400 1530 τὸ
435 1472 713 1555 καιαπραόναι
746 1467 811 1532 καὶ
849 1470 1114 1555 κατασιγήσαι
1147 1467 1215 1531 τόν
1254 1469 1381 1590 δήμοη

283 1569 424 1658 ήρξατο
447 1572 544 1689 περί
577 1570 627 1635 ὥν
659 1571 741 1634 ἔδει
774 1568 1081 1690 συμβουλεύειν
1099 1570 1149 1652 τῷ
1183 1568 1291 1656 δήμῳ
1315 1567 1381 1633 καὶ

282 1667 487 1752 λέγειν“
465 1692 512 1741 ως
534 1670 573 1734 ἐν
596 1669 784 1793 διηγήσει
805 1692 869 1733 και
891 1670 988 1750 μετὰ
1011 1672 1130 1734 ταῦτα
1153 1666 1381 1788 donnape-

283 1773 549 1837 lacerarer
585 1794 661 1835 και
699 1768 1084 1892 όναμιμηήσκειν
1116 1772 1157 1837 ἐν
1194 1770 1380 1855 συντόμῳ

283 1871 378 1959 περὶ
399 1873 474 1936 τῶν
496 1872 742 1954 φθασάντων
757 1894 822 1936 και
836 1867 900 1937 νπ’
914 1869 1015 1960 ὄψιν
1029 1873 1140 1954 ἄγειν
1154 1873 1199 1938 τὰ
1219 1874 1380 1953 λεχθὲνέ

285 1997 331 2039 τα
363 1976 413 2058 τῷ
445 1972 570 2060 δήμῳ,
592 1968 693 2061 ὅπερ
717 1974 881 2039 ἐκάλεσε
913 1976 1192 2060 προοίμιον,
1225 1974 1380 2063 διήγη-

283 2071 1171 2162 σιν,α’γῶνας,παρέκβασιν,ἐπίλογον.
1194 2075 1379 2164 Προλεγόμ.

283 2181 341 2265 τής
358 2176 577 2262 Ἑρμογένους
600 2174 780 2264 ῥηιορικής.
818 2178 921 2242 Walz.
944 2177 1000 2248 lv,
1021 2180 1053 2240 ll
1075 2199 1124 2261 sq.
1172 2178 1250 2242 Haec
1277 2201 1379 2263 snpra

283 2279 523 2361 Hermogenem
548 2298 612 2339 non
635 2278 738 2360 repeti
761 2290 910 2361 apertum
934 2289 993 2341 esu
1037 2278 1087 2341 Ea
1110 2292 1233 2355 autern,
1251 2303 1291 2342 ex
1307 2282 1380 2364 qni·

283 2380 347 2443 bus
381 2399 443 2441 sua
476 2377 654 2461 exscripsit
686 2377 999 2460 Prolegomenorum
1028 2394 1158 2450 auctor,
1183 2381 1253 2443 sine
1276 2381 1378 2445 dnbio

284 2481 403 2565 etipsa
427 2501 468 2542 ex
491 2478 605 2542 rivulis
630 2479 731 2562 petita
754 2491 845 2551 sunt,
870 2502 935 2543 non
959 2503 999 2543 ex
1022 2481 1097 2564 ipso
1113 2478 1204 2543 fonte
1221 2480 1378 2545 derivata.

284 2581 389 2662 Quam
424 2580 468 2643 ob
500 2602 567 2643 rem
602 2601 677 2664 qnae
708 2580 741 2642 iu
775 2579 1018 2666 prolegomenis
1040 2581 1105 2644 illis
1130 2594 1315 2656 narrantur,
1340 2604 1380 2646 en

283 2683 413 2767 quoties
448 2702 545 2765 quam
579 2681 671 2744 vario
694 2680 793 2744 modo
817 2682 990 2756 mutando,
1013 2683 1174 2754 curando.
1199 2682 1380 2760 demendo,

280 2781 513 2866 interpolando
546 2782 711 2866 corrumpi
735 2783 915 2866 potuerint,
939 2795 1090 2867 apparet,
1115 2796 1163 2846 tot
1187 2785 1308 2848 seculis
1330 2785 1379 2848 in·

281 2884 442 2970 terjectis,
466 2905 508 2947 ex
530 2904 597 2966 quo
621 2905 672 2957 ea,
696 2905 770 2968 quae
793 2885 932 2968 primum
956 2886 997 2948 de
1013 2885 1137 2950 Corace
1154 2885 1272 2949 tradita
1289 2899 1378 2964 sunl,

281 2985 456 3052 verisimile
491 2995 542 3048 est
576 2986 741 3049 memoriae
771 3007 845 3050 esse
868 2987 1028 3051 mandata.
1074 2988 1136 3051 Vel
1161 2988 1267 3051 obiter
1291 2989 1378 3051 intu-

281 3189 337 3253 ille
372 3187 685 3269 Prolegomenorum
719 3189 870 3270 scriptor.
917 3185 981 3266 Qui
1016 3211 1113 3272 quum
1149 3189 1303 3253 Coracem
1328 3190 1377 3253 di·

281 3289 367 3352 xerit
389 3287 555 3371 primum
578 3284 688 3366 λόγοις
708 3290 962 3371 θεραπεντικοῖς
984 3287 1038 3352 καὶ
1060 3289 1300 3364 κολακευτικοῖς
1315 3291 1377 3379 τήν

281 3387 456 3473 ἐκκλησίαν
480 3384 535 3450 καὶ
556 3385 593 3450 τὸ
619 3389 808 3473 θορυβῶδες
829 3391 1053 3475 καταπραόναι
1075 3393 1134 3456 τοῦ
1149 3392 1270 3480 δήμου,
1295 3405 1375 3456 tum

280 3490 386 3569 λέγειν
409 3485 450 3559 ὡς
471 3485 506 3551 ἐν
528 3485 692 3575 διηγήσει,
727 3501 936 3573 postremo
964 3488 1297 3576 α’νακεφαλανοῦσθοι
1319 3493 1376 3559 καὶ

173 3652 177 3657 .
280 3588 553 3677 ἀναμιμνήσκειν,
581 3602 688 3654 tamen
711 3601 744 3654 et
765 3593 942 3677 προοίμιον
970 3605 1002 3657 et
1023 3593 1175 3683 διήγησιν
1198 3607 1230 3661 et
1251 3594 1376 3678 α’γόινας

281 3703 315 3759 et
346 3697 549 3780 παρέκβασιν
583 3701 616 3756 et
647 3690 801 3772 ἐπίλογον
833 3696 865 3756 iu
899 3696 1080 3759 orationem
1102 3699 1143 3761 ab
1167 3720 1206 3761 eo
1230 3699 1377 3763 admissa

352 3877 386 3930 39
422 3876 463 3930 De
480 3879 598 3930 motibus
617 3879 643 3931 in
661 3896 690 3931 re
709 3880 816 3950 publica
834 3879 1064 3950 Syracusanorum
1088 3884 1140 3936 hoe
1162 3893 1283 3954 tempore
1301 3886 1376 3938 exei-

281 3965 344 4017 lalis
363 3961 500 4015 Diodorus
529 3962 611 4014 Sicnl.
638 3981 719 4033 quum
749 3966 799 4018 alia
827 3974 916 4018 narrat
939 3978 994 4019 tum
1017 3967 1076 4031 (XI,
1095 3969 1137 4020 87.
1155 3988 1182 4039 p.
1201 3969 1241 4021 94
1261 3970 1377 4036 Teubn.)

281 4049 346 4105 hoc:
365 4044 520 4109 ἐπεπόλαζε
549 4049 601 4117 γὰρ
622 4042 793 4119 δημαγωγῶν
809 4047 919 4118 πλῆθος
944 4057 990 4104 καλ
1020 4070 1206 4122 compenor,
1233 4059 1280 4107 καὶ
1297 4051 1378 4126 λόγου

282 4128 407 4202 δεινότης
426 4129 480 4186 νπδ
497 4130 554 4186 τόν
570 4129 740 4203 νιοτίρονν’
722 4133 844 4200 ηνκεῖτο
