2940 5026
229 368 267 434 18

180 537 399 623 appellasset,
422 537 455 600 in
478 545 624 600 extrema
640 535 835 600 tractatione
851 536 924 622 ejus
941 534 1084 611 exordii,
1100 534 1191 620 quod
1208 559 1284 601 sua·

181 641 284 705 sionis
301 650 334 703 et
350 638 570 703 dissuasionis
587 650 653 709 est,
668 639 733 702 hoc
749 637 832 703 dixit
847 644 892 722 (p.
909 638 981 713 218,
999 640 1063 718 llil:
1085 640 1202 703 τοῦτον
1222 636 1284 720 μὲν

181 731 241 806 οὖν
261 739 319 805 τὸν
341 738 467 827 τρόπον
488 739 545 812 τὰς
567 738 863 813 ιιοτοιοτιὶσειςΜ
878 742 942 804 τῶν
962 741 1189 827 δημηγορικῶν
1208 763 1284 803 ποι-

181 847 293 931 ηιέον,
308 844 365 906 ubi
381 864 422 905 cx
438 842 671 906 sententiarum
688 843 908 925 perpetuitate
923 851 1076 926 apparet,
1097 842 1285 906 καταστά·

182 962 267 1018 σοις
288 944 373 1008 idem
398 942 597 1026 significare,
620 943 712 1026 quod
729 965 781 1013 ea,
798 964 872 1027 quae
888 955 963 1007 ante
979 956 1284 1016 commemorantur,

182 1045 390 1134 προοίμια.
435 1043 526 1108 Idem
560 1043 628 1107 fere
661 1044 693 1107 in
729 1066 810 1107 voce
832 1039 1027 1123 ἐπιλόγον
1050 1045 1139 1127 apud
1163 1046 1286 1109 Anaxi·

183 1170 308 1213 manem
330 1144 545 1210 animadverti
566 1157 686 1228 potest.
732 1144 912 1229 Postquam
937 1145 1036 1218 enim,
1060 1145 1188 1228 qualem
1211 1167 1289 1230 per·

184 1249 364 1313 orationem
388 1269 464 1311 esse
487 1257 672 1330 oporteret,
695 1247 866 1330 exposuit,
890 1245 968 1317 etsi,
992 1267 1058 1329 quo
1083 1247 1211 1309 nominc
1227 1268 1286 1331 ap·

183 1350 377 1436 pelleretur,
402 1369 465 1410 non
488 1347 658 1422 indicavit,
682 1358 828 1411 extrema
851 1345 982 1409 demum
998 1346 1060 1411 hae
1076 1348 1284 1431 expositione

184 1471 301 1516 nomen
324 1447 483 1528 ἐπιλόγον
506 1448 600 1512 addit
624 1472 653 1535 p.
677 1449 749 1524 237,
773 1449 822 1513 29.
847 1446 887 1510 cf,
911 1447 982 1514 240.
1009 1449 1056 1512 19.
1094 1449 1154 1511 His
1178 1471 1218 1512 ex
1234 1472 1285 1513 rc·

185 1555 248 1617 bus
271 1551 423 1617 omnibus
447 1552 475 1614 si
498 1552 719 1637 conjecturam
743 1550 850 1616 facere
867 1548 943 1613 licet
959 1549 1000 1613 de
1017 1572 1072 1623 eo,
1088 1550 1180 1634 quod
1197 1572 1287 1634 quae·

185 1654 303 1728 rimus,
336 1653 449 1717 nescio
482 1674 524 1715 an
558 1652 699 1737 quadam
724 1650 1015 1716 verisimilitudinis
1039 1653 1150 1737 specie
1174 1653 1286 1738 colligi

185 1755 311 1840 possit,
345 1754 483 1837 primum
514 1763 580 1817 tres
604 1763 729 1817 tantum
752 1766 864 1838 partes
889 1752 1046 1816 orationis
1071 1753 1245 1819 distinctas
1268 1777 1288 1818 a

186 1855 311 1920 Corace
344 1853 463 1929 fuisse,
493 1865 561 1917 tum
584 1877 662 1917 vero
687 1853 858 1917 exordium
880 1855 923 1918 ab
946 1876 986 1917 eo
1009 1854 1207 1919 auctionante
1230 1878 1288 1942 ap·

187 1957 344 2044 pellatam
378 1977 462 2019 esse.
507 1956 581 2020 Hoc
615 1972 722 2019 autem
755 1956 802 2018 ita
835 1955 1060 2040 accipiendum
1083 1957 1228 2032 videtur,
1251 1967 1289 2022 ut

187 2058 230 2125 ad
260 2056 388 2122 exordii
412 2057 475 2120 vim
499 2067 532 2120 et
554 2057 722 2122 notionem
745 2055 964 2120 definiendam
987 2080 1070 2122 voce
1092 2056 1289 2123 καταστάσε-

187 2184 231 2234 ιος
253 2161 411 2224 Coracem
434 2179 530 2220 usum
554 2178 628 2219 esse
652 2157 799 2220 dicamus
823 2159 1012 2242 (προοίμιον
1033 2159 1212 2240 τοῦλόγου
1233 2181 1290 2223 xo·

187 2261 342 2330 τάστασίς
364 2257 434 2320 ἐστι
456 2256 536 2334 κτλ).
573 2255 705 2340 Epilogi
730 2268 762 2320 et
778 2279 896 2320 nornen
920 2269 953 2321 et
975 2281 1071 2322 usum
1094 2259 1219 2323 rhetori
1241 2261 1289 2324 illi

188 2373 355 2446 receptum
390 2358 492 2422 fuisse
527 2355 701 2419 verisimile
735 2367 793 2420 cst.
842 2359 921 2422 Haeo
955 2358 1022 2425 duo
1055 2362 1233 2447 προοίμιον
1257 2372 1291 2426 et

188 2462 344 2542 ἐπίλογον
378 2470 468 2523 etro
491 2473 525 2522 et
548 2458 677 2522 nomine
694 2457 763 2542 jarn
786 2457 862 2524 inde
884 2462 926 2524 ab
950 2462 1048 2525 initiis
1072 2463 1152 2526 artis
1175 2462 1288 2527 rheto-

189 2565 266 2630 rioae
288 2565 320 2626 in
343 2584 407 2625 usu
430 2561 549 2634 luisse,
574 2561 626 2623 vel
648 2559 725 2622 inde
748 2560 916 2644 quoddam
934 2563 1223 2627 verisimilitudinis
1240 2587 1292 2629 ar·

190 2675 379 2750 gumentum
408 2663 480 2745 capi
504 2673 632 2746 potest,
655 2661 746 2745 quod
770 2683 830 2745 per
853 2662 981 2747 longam
1004 2664 1092 2727 illam
1116 2665 1292 2730 rhetoricae

93 2850 95 2852 Ι
190 2764 279 2852 apud
304 2763 441 2827 Graecos
464 2764 662 2846 scriptorum
686 2763 802 2825 seriem
826 2773 925 2846 atque
948 2765 1111 2834 ordinem.
1133 2779 1291 2850 quantum

192 2866 323 2952 quidem
357 2873 470 2929 notum
504 2874 569 2939 est,
603 2885 732 2948 semper
765 2865 942 2930 immutatae
974 2866 1028 2930 hae
1050 2869 1293 2952 appellationes

191 2975 390 3034 manserunt.
435 2964 535 3045 Quod
558 2965 691 3050 quidem
713 2966 745 3029 in
768 2965 918 3054 διηγήσει
940 2968 1034 3032 aliter
1057 2991 1094 3032 se
1118 2969 1231 3044 habet,
1254 2981 1294 3035 ut
1334 3035 1335 3039 ,

192 3092 295 3156 supra
317 3069 577 3134 demonstratum
601 3080 661 3132 est.
706 3067 819 3131 Aede
842 3065 942 3148 α’γῶνι
965 3092 1029 3133 non
1049 3071 1213 3134 minimum
1231 3071 1292 3135 du-

191 3171 360 3235 bitationis
384 3168 584 3251 relinquitur.
630 3166 760 3245 Quibus
784 3169 867 3231 enim
890 3167 990 3230 rebus
1012 3171 1188 3252 βεβαίωσιν
1205 3185 1238 3236 ct
1252 3171 1293 3237 τὰ

191 3268 277 3355 πρὸς
309 3267 385 3339 τούς
416 3261 600 3338 ἀντιδίκους
632 3267 703 3330 sive
731 3267 988 3354 προκατάληψιν
1012 3280 1163 3334 constare
1187 3273 1294 3337 voluit

191 3369 427 3438 Anaximenes,
451 3387 506 3430 eas
530 3387 583 3429 res
606 3361 692 3446 ἀγών
715 3371 867 3433 continet.
913 3369 981 3433 Sed
1005 3370 1104 3456 hujus
1129 3374 1220 3436 vocis
1238 3375 1293 3436 vix

193 3471 262 3536 ulla
284 3468 372 3555 apud
397 3466 595 3531 vetustiores
619 3467 793 3532 rhetoricae
817 3471 997 3555 scriptores
1014 3474 1222 3557 reperiuntur
1238 3496 1295 3537 ve·

194 3571 305 3659 stigia,
338 3569 401 3634 nisi
425 3568 499 3653 quis
522 3565 609 3632 forte
631 3569 664 3632 in
687 3568 752 3633 hoo
775 3592 894 3654 genere
918 3593 993 3635 esse
1017 3573 1106 3638 dicat
1127 3575 1177 3650 id,
1201 3575 1293 3659 quod

194 3673 295 3738 habet
317 3671 535 3737 Anaximenes
558 3691 585 3734 o.
609 3672 658 3736 38.
683 3693 713 3755 ρ.
737 3671 808 3746 240,
834 3673 872 3736 13
895 3671 969 3738 ἰὸν
1002 3673 1088 3761 πρὸς
1108 3675 1184 3749 τούς
1206 3672 1294 3742 ἄντι-

193 3774 304 3845 δίκοος
336 3768 505 3853 ἅγῶνοηθ.
550 3773 626 3838 Νοο
661 3784 713 3836 est
747 3773 887 3857 partium
917 3776 1075 3840 orationis
1099 3779 1295 3862 appellatio,

264 3941 299 3993 67
335 3939 420 3993 Recte
439 3943 490 3994 hoc
510 3944 613 3994 monuit
632 3943 747 3996 Usener.
757 3963 782 4014 p.
794 3946 837 3997 ⁴1.
857 3947 900 3998 cll.
920 3944 1075 4008 Anax218,
1087 3949 1110 3999 7.
1130 3947 1240 4010 erret,
1254 3950 1294 4000 le.

265 4024 299 4076 68
335 4023 513 4094 Nequedum
532 4027 603 4096 apud
623 4027 791 4081 Cornificium
811 4047 898 4100 neque
925 4030 997 4100 apud
1024 4030 1181 4086 Ciceronem
1208 4050 1297 4104 neque

196 4109 268 4178 apud
287 4107 476 4174 Quintilianum
494 4113 673 4165 contentio
692 4109 788 4182 (ἀγών)
805 4131 837 4172 ea
849 4113 1043 4184 significatione
1056 4119 1297 4188 usurpetareperi-
