2940 5026
1195 386 1235 451 75

220 554 246 632 1)
269 552 496 620 Misericordia
519 554 619 638 igitur
642 553 761 639 dignus
785 576 857 618 sum
875 563 1001 628 vestra,
1017 576 1084 619 non
1099 556 1222 623 invidia
1238 593 1279 610 -

243 655 272 740 ἤ.
295 657 315 719 5
339 653 413 738 ἐμοὶ
436 653 487 732 δὲ,
511 644 536 717 ci
559 653 729 741 ἄνδρες-
746 658 774 719 7.
791 695 829 708 -

220 757 245 839 ²)
269 759 373 840 gratia
408 755 498 841 apud
532 779 610 828 vos,
633 777 699 819 non
724 756 850 820 odiolf.
874 756 893 842 ἤ
917 757 1010 822 8³9.
1033 755 1119 843 πρὸς
1139 755 1280 823 εὔνοιαν.

245 857 292 922 Cf.
316 857 421 922 Anax.
444 857 516 932 215,
540 857 559 920 3
584 878 658 942 sqq.

221 955 495 1042 dnoyyelt‘a.§
524 959 657 1023 10-16.

263 1059 347 1124 Post
381 1059 596 1122 calamitatem
631 1081 732 1123 meam
756 1061 860 1124 satius
885 1060 965 1125 duxi
988 1061 1104 1146 procul
1128 1083 1148 1126 a
1169 1062 1276 1147 patria

186 1163 297 1226 vivere
309 1161 346 1224 ⁷⁵.
390 1162 465 1226 Nou
500 1160 556 1224 diu
589 1168 696 1224 autem
730 1159 805 1235 fuit,
840 1181 940 1244 quum
974 1163 1180 1228 occasionem
1203 1165 1282 1228 arri-

186 1264 242 1347 pui
285 1263 424 1326 maxima
469 1262 642 1325 commoda
687 1261 877 1345 reipublicae
914 1261 1078 1330 afferendi.
1136 1265 1276 1345 Quare

179 1365 328 1429 effectum
362 1364 400 1426 iri
434 1365 623 1447 sperabam,
654 1373 690 1424 ut
713 1374 855 1426 vestram
879 1366 1017 1447 gratiam
1039 1367 1162 1431 inirem.
1208 1367 1280 1431 Hac

180 1487 241 1550 spe
265 1465 384 1528 ductus
407 1464 465 1528 ubi
487 1465 550 1528 sub
574 1463 865 1548 quadrigentorum
889 1464 1058 1531 dominatu
1081 1465 1214 1531 domum
1229 1488 1280 1530 re·

181 1566 241 1642 dii,
274 1554 407 1651 iiidigne
444 1565 748 1646 contumelioseque
781 1587 907 1628 mecum
941 1567 1146 1632 aPisandro
1172 1579 1279 1632 actum

184 1668 281 1732 astll.
330 1666 405 1747 Quo
440 1665 545 1742 facto,
580 1686 679 1749 quum
716 1665 863 1750 undique
895 1669 1039 1752 pessima
1068 1670 1144 1733 mihi
1168 1678 1283 1755 parata

180 1791 379 1807 μ

249 1837 282 1888 74
317 1837 436 1905 §final
455 1834 531 1903 ὅμως
548 1833 580 1887 τό
602 1854 632 1906 γε
651 1832 863 1900 δυστυχέστατος
891 1833 963 1890 εἶναι
989 1835 1149 1909 ἀνθρώπων
1172 1832 1281 1911 οὖδαμῇ

180 1920 312 1993 ἐκφεύγω,
332 1920 378 1975 ὅτε
398 1916 431 1987 δή
450 1922 645 1991 προαγομένης
662 1921 713 1987 μὲν
730 1922 780 1987 τῆς
802 1918 910 1976 πόλεως
928 1920 974 1974 ἐπὶ
992 1920 1160 1977 ταύταςτὰς
1179 1940 1284 1989 συμφο-

181 2010 232 2079 ρὰς
251 2001 342 2061 οὐδεὶς
361 2004 444 2074 ἐμοῦ
467 1999 590 2073 ἤρχετο
609 2006 796 2075 γίγνεσθαι
818 2000 1082 2078 δυσδαιμονέστερος
1103 2005 1160 2059 κτλ.
1195 2007 1282 2060 Vides

181 2090 313 2144 hocloco
334 2091 412 2143 etiam
432 2089 618 2143 Andocideam
638 2092 708 2143 illam
729 2092 861 2144 sermonis
881 2089 914 2142 ad
934 2092 1117 2162 quotidianum
1141 2103 1167 2146 et
1190 2093 1283 2162 uulga-

180 2194 235 2230 rem
259 2193 338 2231 usum
365 2175 613 2228 conformationem.
657 2173 746 2238 Quare
771 2193 826 2228 uon
844 2185 916 2228 recte
935 2176 998 2229 fecit
1016 2177 1158 2248 Emperius
1178 2197 1202 2249 p.
1223 2177 1283 2239 211,

179 2261 253 2334 quod
266 2279 316 2332 pro
334 2255 434 2334 ἤρχετο
455 2260 596 2331 legendum
610 2262 697 2313 suasit
714 2255 837 2328 ηὔχετο
857 2261 874 2313 l.
893 2279 942 2331 pro
961 2257 1061 2333 ἤρχετο
1075 2264 1217 2334 γίγνεσθαι
1228 2264 1281 2335 legi

177 2347 261 2417 jussit
279 2343 384 2416 ὑπῆρχε
401 2344 456 2399 τότ’
476 2340 598 2399 ἰδέσθαι.
635 2346 717 2418 ”Mag
735 2364 794 2399 mau
818 2346 867 2399 das
886 2342 987 2417 ἤρχετο
1007 2366 1060 2402 von
1079 2347 1196 2421 ἔρχομαι
1216 2349 1283 2403 oder·

183 2427 305 2502 ἄρχομαι
323 2431 465 2493 herleiten,
478 2431 625 2500 jedeufalls
638 2432 674 2482 ist
688 2431 736 2484 der
748 2430 879 2485 Gedanke
896 2433 1052 2505 uugehririg.
1090 2433 1166 2488 Deuu
1178 2435 1285 2488 Andoc.

182 2517 236 2586 fing
254 2516 325 2569 nicht
346 2533 394 2577 an,
422 2533 477 2569 war
496 2516 567 2568 nicht
587 2516 636 2568 auf
651 2515 711 2568 dem
732 2515 821 2586 Wege
841 2517 1007 2586 unglirclrlich
1026 2535 1058 2570 au
1077 2518 1197 2580 werden,
1217 2537 1283 2572 son-

182 2601 247 2655 dern
266 2620 296 2655 er
314 2600 412 2653 befand
432 2601 491 2653 sicli
507 2601 624 2654 wirlrlich
643 2603 669 2654 in
688 2603 761 2654 einer·
780 2603 876 2654 lrdchst
888 2601 1090 2672 jarunrerliclren
1108 2602 1205 2674 langef’
1232 2605 1248 2656 Ι.
1267 2605 1283 2659 l.

182 2687 277 2757 Neque
295 2703 358 2740 vero
380 2687 493 2756 coepit
511 2704 589 2740 esse
608 2688 741 2750 infelix,
760 2705 820 2740 uam
839 2689 898 2759 ipse
918 2687 982 2740 dicit
1002 2687 1159 2742 Andocides
1176 2689 1210 2741 ad
1224 2707 1282 2742 cam

181 2773 312 2825 miseriam
332 2789 363 2824 se
382 2773 503 2834 venisse,
520 2783 549 2825 ut
568 2790 647 2826 uemo
666 2774 742 2843 ipso
764 2771 939 2826 infelicior
957 2790 1020 2825 esse
1039 2775 1165 2843 coeperit.

254 2856 288 2906 75
323 2856 342 2921 δ
363 2857 396 2909 10
414 2886 426 2896 -
445 2886 457 2896 -
477 2849 590 2922 εἰσῆλθέ
608 2875 676 2923 μοι,
696 2853 788 2926 ὥσπερ
815 2849 901 2915 εἰκὸς,
923 2853 1058 2919 ἐπιθυμία
1087 2856 1136 2922 τῆς
1162 2877 1192 2908 τε
1218 2857 1282 2924 μεθ’

184 2937 262 3009 ὑμῶν
278 2936 421 2993 πολιτείας
439 2938 543 3006 ἐκείνης
570 2945 627 2991 καὶ
654 2934 810 3004 διαίτης,
831 2931 920 3003 ἕξῆς
941 2935 1284 3008 δευρὶμετέστηνιι

185 3025 258 3078 Male
277 3025 367 3077 Rersk.
387 3038 448 3076 aure
467 3020 576 3091 διαίτης
595 3024 817 3095 interponendum
839 3031 915 3092 putat
933 3019 1048 3092 νδρος.
1066 3051 1079 3066 -
1095 3053 1108 3066 -
1126 3023 1183 3077 '’nre
1202 3028 1285 3080 sublit

184 3142 196 3152 ·
216 3142 227 3152 ·
248 3141 260 3152 ·
280 3110 410 3162 taedium
440 3110 658 3162 commorationis
687 3120 767 3179 arque
795 3109 853 3160 vltae
872 3109 978 3177 generis
998 3108 1070 3178 ejus,
1098 3126 1195 3180 equo
1223 3113 1284 3165 huc

184 3195 334 3250 transii.''
370 3195 465 3249 Potius
485 3197 537 3249 hoc
556 3195 637 3248 modo
657 3192 898 3262 interpretandum:
917 3202 947 3246 et
967 3194 1016 3258 (int
1041 3211 1083 3246 me
1102 3196 1198 3248 invasit
1211 3197 1285 3250 desi-

185 3282 297 3344 derium)
316 3281 374 3350 ejus
394 3283 474 3335 viram
492 3280 647 3336 instituendi
666 3280 791 3342 rationis,
816 3296 830 3331 a
855 3296 917 3350 qua
942 3278 1047 3332 adlruc
1067 3285 1205 3337 recessi.
1242 3282 1283 3336 Cf.

185 3368 309 3421 Acachia.
329 3365 485 3436 Ctesiph.§
509 3365 563 3420 ¹22.
586 3367 639 3418 1‘29.

254 3452 289 3505 76
324 3456 342 3522 3
364 3454 395 3503 15
413 3449 497 3523 iscipu),
516 3450 640 3523 θόρυβος
660 3453 712 3523 χδρ
732 3448 765 3519 δὴ
781 3448 908 3504 τοιοῦτος
922 3447 1110 3520 ι’γίγνετοτῶν
1121 3448 1284 3519 βουλευτῶν,

185 3543 243 3590 acl
262 3534 358 3605 ἐπειδὴ
379 3534 541 3607 ἐγίγνωσκον
552 3535 752 3605 ἀπολούμενος,
772 3533 853 3589 εὐθὺς
864 3530 1019 3605 προςστηδῶ
1029 3536 1101 3605 πρὸς
1113 3536 1164 3599 τῆν
1182 3535 1284 3588 ἑστίαν.

186 3624 270 3684 Καὶ,
298 3622 373 3693 quod
400 3633 462 3674 ante
489 3617 585 3687 ἐπειδή
607 3625 724 3697 positum
754 3630 809 3684 est,
839 3618 997 3670 deleverunt
1024 3618 1112 3670 Reisla.
1131 3629 1158 3670 ct
1176 3619 1284 3672 Tur-irc.

185 3706 312 3778 Emperio
332 3724 359 3775 p·
378 3705 431 3757 212
448 3702 643 3759 σἰναιιολοὺθως
661 3696 790 3774 usurpata
818 3718 881 3754 esse
908 3719 961 3753 vox
987 3702 1036 3752 καί
1055 3701 1165 3756 videtur.
1209 3705 1283 3759 Neu·

186 3807 256 3845 trum
275 3803 356 3843 recte.
390 3791 448 3840 Καὶ
465 3789 490 3840 in
509 3786 582 3858 κάγώ
602 3805 645 3849 ea,
664 3805 723 3858 quoe
742 3793 891 3857 sequuntur
909 3803 967 3839 cum
987 3786 1032 3848 iia,
1051 3805 1109 3857 quae
1121 3789 1285 3858 precedunt,

188 3875 343 3950 conjungit,
359 3873 385 3927 id
406 3883 506 3936 autem,
535 3872 608 3944 quod
633 3881 695 3926 ante
714 3867 810 3938 ἐπειδή
832 3872 992 3925 collocatum
1019 3872 1179 3935 invenimus,
1206 3874 1284 3945 hujus

187 3963 273 4034 ipsius
301 3961 375 4015 vocis
405 3953 501 4024 ἐπειδή
523 3958 714 4030 significantius
745 3957 886 4011 efferenda
916 3974 998 4011 causa
1029 3966 1180 4027 usurpatur.
1227 3960 1285 4012 Kal

187 4043 285 4113 ἐπειδή
305 4054 359 4100 est:
387 4062 424 4098 eo
452 4046 527 4117 ipso
551 4054 703 4116 ternpore
729 4051 904 4115 postquam
959 4044 1085 4098 Similiter
1102 4044 1170 4097 hanc
1190 4061 1284 4099 vocem

187 4142 343 4204 usurpatam
361 4133 460 4206 pluries
485 4142 539 4185 tum
567 4133 593 4186 iu
621 4130 737 4202 spodosi
765 4137 820 4183 tum
839 4130 865 4182 in
883 4129 986 4200 protasi
1006 4127 1138 4192 ridemus,
1156 4139 1185 4183 ut
1204 4131 1227 4184 h.
1247 4148 1286 4188 or.
