2940 5026
1143 383 1164 447 7

193 553 275 619 Rem
297 552 411 640 igitur,
434 572 531 635 quam
554 551 650 616 nobis
674 553 925 637 proposuimus,
947 554 991 617 ita
1007 562 1209 637 pertractare

110 655 143 719 in
163 657 272 722 animo
305 665 374 730 est,
405 663 443 717 ut
471 653 610 738 primum
638 652 834 726 indicemus,
856 654 977 738 quibus
1000 654 1209 737 potissimum·

111 777 154 819 ex
175 759 274 822 rebus
308 754 490 819 eontlentur
514 764 546 818 et
569 753 751 819 efficiantur
774 775 826 828 ea,
850 775 925 838 quae
946 755 991 828 ei,
1005 754 1070 838 ‹qui
1094 755 1136 818 ad
1159 754 1207 818 di·
1244 738 1248 749 ¹

110 855 250 920 cendum
283 857 477 930 surrexerit,
510 856 658 919 oratione
682 853 911 940 persequenda
933 856 1014 930 sint,
1036 865 1104 918 tum
1129 877 1207 918 vero

110 957 258 1044 singulas
280 957 493 1041 Antiphontis
517 965 550 1020 et
572 955 757 1020 Andocidis
773 957 939 1020 orationes
957 951 1208 1041 percenseamus

111 1058 144 1122 in
166 1059 271 1141 iisque
293 1078 367 1140 quae
390 1059 433 1121 sit
454 1079 562 1121 rerum
585 1057 763 1142 dispositio
785 1056 1052 1132 consideremus,
1078 1068 1209 1142 postre-

109 1180 164 1223 mo
189 1159 230 1222 de
252 1158 500 1223 transitionibus
524 1160 666 1224 breviter
688 1178 902 1243 exponamus

196 1261 246 1326 Ac
268 1261 405 1345 primurn
429 1259 559 1343 quidem
583 1281 755 1324 causarum
778 1279 798 1322 a
822 1258 948 1322 civibus
969 1256 1054 1323 inter
1077 1282 1114 1323 se
1136 1282 1209 1324 ora·

110 1361 200 1425 tione
233 1371 444 1423 tractatarum
477 1362 557 1440 (reio
583 1360 762 1424 πολιτικῶν
783 1358 940 1443 λόγων)Ῑι
965 1359 1032 1423 duo
1056 1382 1131 1423 esse
1153 1381 1209 1446 ge·

109 1482 188 1526 nera
211 1462 312 1547 (γένη)
320 1460 347 1499 ¹²
368 1461 587 1526 Anaximenes
611 1462 758 1526 voluisse
775 1460 916 1536 videtur,
932 1462 1124 1526 coneionele
1141 1463 1209 1549 (dn-

182 1646 211 1698 ll
249 1639 414 1700 ’Ἧολιτικδν
432 1643 511 1716 laites
530 1655 573 1701 est
599 1665 700 1700 causa
728 1647 853 1709 civilis,
879 1661 940 1716 qrtre
962 1647 1083 1700 oratione
1102 1649 1209 1718 publiea

110 1730 262 1784 tractatur.”
298 1728 405 1782 Ernest.
426 1729 515 1784 Lexie.
534 1731 702 1802 Teolmolog.
720 1731 806 1784 Grree.
823 1749 850 1802 p.
870 1729 928 1783 279.
965 1730 1006 1784 ef.
1025 1726 1096 1784 Petr.
1113 1728 1208 1785 Victo·

109 1817 173 1880 rius,
193 1815 371 1868 Cornmentar.
398 1817 423 1867 iu
452 1819 566 1870 Aristot
594 1817 705 1871 eretor.
723 1835 749 1889 p.
769 1817 828 1870 394.
860 1817 952 1870 Fiulth.
976 1817 1155 1869 commentat.
1174 1817 1208 1871 de

109 1902 188 1955 Aust.
206 1899 284 1954 Rhet
303 1899 337 1953 ad
356 1901 431 1954 Alex.
451 1920 477 1972 p.
494 1903 519 1954 9.

179 1984 213 2038 12
248 1985 352 2037 Initium
372 1986 429 2038 libri
447 1987 620 2040 Anaximenei
647 1985 700 2039 lroo
728 1998 785 2039 eet:
811 1984 958 2056 Δῦογένη
986 1984 1043 2037 τῶν
1059 1983 1209 2038 πολιτικῶν

109 2061 166 2122 εἶσι
183 2067 280 2140 λόγων,
298 2071 331 2121 τὸ
355 2067 408 2136 μὲν
432 2065 631 2142 δημηγορικὸν,
655 2072 688 2122 τὸ
714 2066 744 2121 δὲ
764 2065 912 2122 δικανικόν.
949 2071 1003 2122 Ubi
1022 2087 1102 2140 quum
1121 2070 1209 2127 codd.

110 2172 220 2208 omnes:
244 2155 318 2225 Τρία
334 2155 397 2222 γένη
415 2181 427 2195 -
442 2181 456 2196 ·
473 2182 485 2196 ·
502 2157 534 2206 τὸ
557 2151 584 2207 δ’
604 2151 801 2214 ἐπιδεικτικὸν,
819 2154 852 2204 τὸ
872 2149 902 2205 δὲ
922 2149 1061 2206 δικανικόν
1078 2156 1208 2226 praebuis-

107 2248 178 2302 sent,
197 2238 372 2309 probabiliter
390 2237 552 2310 Spengelius
572 2257 604 2292 ex
624 2237 895 2302 Qrttnrit.1.0.111‚t,
915 2240 930 2289 ll
949 2249 977 2292 et
996 2240 1102 2310 Syriani
1116 2240 1208 2297 schol.

109 2325 136 2378 in
153 2324 332 2396 Hermogenis
350 2321 426 2377 πάν.
446 2321 494 2384 lV,
512 2322 547 2376 60
566 2342 606 2396 sq.
631 2324 721 2377 Rhett.
739 2323 826 2376 Walz.
853 2333 939 2375 toturn
967 2325 1056 2378 locum
1083 2327 1208 2382 restituit.

108 2408 192 2474 Quod
210 2409 233 2462 si
251 2410 386 2480 quaeritur,
403 2427 502 2480 genera
521 2411 566 2462 illa
583 2422 611 2463 et
630 2412 736 2480 species
755 2427 871 2479 quonam
890 2411 1000 2463 rationis
1020 2411 1123 2463 rineulo
1139 2413 1208 2466 inter

109 2512 140 2548 se
159 2495 354 2555 contineantur,
377 2493 540 2565 Spengelius
558 2507 587 2548 et
604 2496 626 2548 F
628 2495 732 2547 inlrbirrs
753 2495 855 2547 deirae
874 2512 903 2548 re
921 2497 1028 2566 egregie
1047 2497 1082 2549 illi
1100 2497 1206 2568 quidem

107 2579 291 2651 disputarunt,
310 2578 433 2632 sednon
452 2580 532 2650 plane
550 2590 578 2633 et
597 2580 729 2651 perfecte,
752 2580 775 2632 si
797 2580 904 2651 quidem
923 2581 993 2633 nulla
1012 2582 1069 2635 sere
1087 2585 1208 2636 necessi-

107 2675 164 2719 tate
191 2683 258 2718 utres
286 2682 320 2716 ex
347 2665 437 2717 alteris
466 2675 543 2735 aptas
566 2683 629 2719 esse
657 2665 789 2718 dixerunt.
833 2664 1207 2736 etSpenge1.zeirscnr.t.

109 2751 349 2805 Altert-humswiss.
368 2750 446 2812 1840,
465 2768 489 2819 p.
511 2750 588 2803 1263:
608 2748 704 2803 ’'Nielrt
723 2750 771 2802 rus
787 2750 847 2803 dem
865 2751 977 2806 Grunde
990 2752 1039 2805 der
1058 2752 1113 2806 drei
1131 2753 1205 2823 γένη,

108 2835 152 2890 die
171 2834 232 2888 dem
251 2835 411 2888 Aristoteles
429 2836 635 2907 eigentlriunlirlr
653 2834 728 2897 sind,
754 2836 873 2889 sondern
901 2838 950 2890 auf
967 2834 1028 2891 deni
1047 2837 1096 2890 der
1114 2837 1206 2891 sieben

107 2916 171 2987 εἴδη
194 2919 291 2972 berulrt
319 2921 393 2974 diese
417 2920 532 2974 lleinere
555 2919 700 2973 Rhetorilt“
721 2924 767 2985 (=
785 2919 863 2974 eret.
882 2921 916 2975 ed
935 2923 1030 2986 Alexi.
1067 2923 1106 2975 ld.
1125 2921 1205 2975 Conr-

109 3014 220 3058 menter.
238 3005 273 3057 ad
292 3007 414 3057 Ananim.
432 3023 457 3075 p.
477 3005 536 3067 100,
553 3002 600 3056 1v.
624 3004 717 3075 Finlrb.
734 3003 770 3056 tle
790 3009 868 3058 Auet.
892 3005 970 3060 Rbet.
990 3008 1023 3061 ad
1043 3009 1121 3061 Alex.
1138 3027 1165 3078 p.
1184 3009 1207 3060 t.

108 3088 199 3142 ”reete
217 3089 360 3160 respondit
377 3090 555 3161 Spengelius,
573 3090 598 3142 in
618 3090 778 3143 tractatione
798 3093 944 3161 argumenti
962 3094 1022 3164 ipse
1041 3111 1094 3145 non
1107 3110 1207 3164 genere

107 3175 247 3247 explicari,
266 3188 295 3229 ut
312 3175 385 3246 apud
404 3177 591 3238 Aristotelem,
618 3174 667 3228 sed
696 3174 786 3227 missis
805 3176 949 3248 generibus
967 3178 1087 3248 singulas
1106 3179 1207 3232 exemi·

107 3261 164 3315 nari
182 3261 313 3331 speeies.’'
349 3261 409 3314 Hoc
427 3263 463 3314 ite
483 3279 497 3314 a
517 3262 604 3315 doctis
630 3261 682 3313 illis
708 3261 768 3314 viris
786 3248 863 3316 'recte
882 3261 1012 3334 disputari
1031 3264 1085 3317 non
1103 3281 1206 3336 negan-

108 3346 171 3400 dum
190 3357 247 3410 eet,
266 3348 289 3399 si
307 3357 417 3417 putetur
434 3348 615 3399 Anaximenes
643 3363 697 3398 non
724 3355 778 3398 tam
798 3346 824 3399 id
843 3350 948 3419 egisse,
970 3358 1010 3411 ut,
1028 3349 1205 3421 quemadmo-

106 3430 171 3485 dum
198 3431 297 3485 seeisse
324 3433 445 3485 novimus
473 3431 662 3494 Aristotelem,
689 3431 730 3484 rel
749 3432 774 3483 in
794 3432 906 3504 singulis
934 3437 975 3486 sui
1003 3435 1061 3486 libri
1085 3435 1204 3506 partibus

107 3519 214 3588 speeies
232 3519 291 3571 illas
311 3518 344 3572 ed
363 3535 441 3570 suurn
460 3517 588 3589 quodque
605 3534 691 3587 genus
711 3533 818 3586 semper
827 3529 979 3583 revocaret,
997 3536 1077 3589 quam
1095 3520 1122 3571 id
1142 3535 1205 3587 spe-

107 3613 207 3667 ctasse,
226 3613 352 3674 utquam
371 3603 510 3656 utilissime
534 3603 703 3672 preriperet,
730 3600 795 3673 quid
823 3611 899 3653 esset
927 3603 951 3654 in
979 3621 1087 3674 quaque
1113 3605 1205 3674 speeie

107 3689 154 3752 iis,
173 3689 218 3759 qui
236 3688 271 3740 ad
290 3688 432 3741 dicendum
451 3705 481 3740 se
499 3688 597 3740 vellent
611 3687 725 3754 institui,
745 3685 951 3738 observandum.
988 3687 1043 3739 Sed
1063 3690 1156 3740 nescio
1171 3707 1204 3741 an

108 3773 209 3844 injuste
228 3791 288 3824 eum
307 3774 473 3826 Anaximene
494 3784 595 3844 agatur,
613 3773 637 3823 si
656 3773 715 3841 quis
734 3786 794 3822 eunt
814 3770 849 3820 ita
875 3786 929 3822 rem
949 3774 1115 3842 transegisse
1134 3773 1204 3826 affir-

108 3870 176 3921 met,
195 3866 237 3920 ut,
256 3875 337 3927 quum
355 3875 454 3927 genera
472 3859 497 3908 in
516 3864 608 3927 partes
627 3855 823 3914 distribuisset,
850 3872 968 3924 quaenam
997 3843 1117 3927 partibus
1140 3859 1204 3911 sub·

107 3952 203 3996 essent
220 3960 333 4014 genera,
360 3961 415 3995 non
443 3952 612 4014 agnosceret.
656 3939 736 3993 Aliud
764 3951 807 3992 est
834 3951 899 4010 post¹
921 3959 1047 4012 generum
1067 3946 1091 3997 in
1111 3954 1203 4015 partes

107 4027 206 4082 saetam
234 4028 390 4082 divisionem
417 4044 517 4099 genere
543 4027 759 4098 praetermittere,
791 4027 903 4096 partium
934 4031 1063 4082 rationem
1093 4030 1204 4096 habere,

109 4113 182 4168 eliud
199 4115 226 4168 in
244 4113 379 4184 ejusmodi
396 4123 487 4185 partes
504 4129 605 4185 genera
618 4113 790 4175 distribuere,
809 4130 931 4182 quaenon
943 4115 986 4167 sui
998 4130 1110 4184 quaeque
1120 4131 1203 4186 geue-
