2940 5026
247 413 268 477 4

197 583 255 669 jor
288 581 439 666 quaedem
473 603 532 667 per
565 603 602 646 se
636 582 707 667 ipsa
742 602 806 644 non
831 601 867 644 ea
891 577 1014 652 solum,
1037 599 1112 662 quae
1135 587 1309 664 praecepta

202 693 294 759 sunt,
318 683 444 768 perficit
467 694 499 747 et
521 683 665 746 illustrat
687 681 746 745 sed
771 703 857 745 nova
881 680 976 743 etiam
998 681 1121 744 invenit
1143 689 1176 744 et
1199 680 1244 745 ad
1267 704 1307 746 u·

201 807 273 849 sum
297 807 391 848 suum
415 786 585 848 convertit.
630 783 698 848 Sed
715 782 885 846 Ciceroni²
900 781 1099 845 credendum
1117 791 1183 857 est,
1200 802 1307 866 quum

200 886 242 950 ad
266 899 414 950 naturam
438 885 587 947 eximiam
611 896 642 946 et
664 884 825 946 illustrem
847 882 1024 946 accesserit
1046 885 1130 946 ratio
1147 883 1305 968 quaedam

199 987 481 1068 conformatioque
506 985 680 1058 doctrinae,
697 995 764 1047 tum
779 984 861 1047 illud
880 986 991 1047 nescio
1008 984 1087 1067 quid
1105 985 1303 1070 praeclarum

198 1108 236 1150 ac
269 1085 433 1170 singulare
462 1086 570 1148 solere
595 1087 762 1148 exsistere.
808 1087 856 1149 Ac
885 1087 1043 1148 neminem
1067 1085 1135 1149 fere
1157 1086 1303 1151 Athenis

197 1187 251 1251 vel
274 1186 364 1271 apud
389 1187 547 1271 populum
571 1188 820 1250 concionantem
843 1186 895 1249 vel
917 1187 950 1249 in
969 1187 1096 1272 judicio
1113 1207 1233 1251 causas
1251 1186 1302 1252 di-

196 1297 322 1351 centem
344 1288 542 1361 invenimus,
565 1289 620 1371 qui
643 1311 710 1352 non
733 1310 774 1350 ex
796 1287 1020 1373 sophistarum
1045 1287 1227 1352 domestica
1251 1289 1302 1355 in·

195 1389 364 1452 stitutione
399 1399 431 1451 et
464 1389 626 1452 umbratili
662 1390 894 1454 exercitatione
917 1389 1057 1452 eductus
1079 1390 1111 1452 in
1134 1389 1241 1454 solem
1266 1400 1302 1457 et

194 1488 362 1574 pulverem
385 1489 552 1574 prodierit.
598 1491 756 1554 Nimirum
780 1500 813 1552 et
835 1511 889 1553 ars
913 1490 1088 1572 requiritur
1111 1499 1143 1552 et
1170 1493 1300 1556 exerci-

194 1590 283 1654 tatio.
329 1590 476 1676 Utraque
500 1593 569 1656 sine
592 1592 695 1656 altera
719 1591 837 1654 debilis
862 1601 913 1654 est
936 1612 996 1653 nec
1019 1590 1197 1677 quidquam
1217 1614 1300 1678 pro·

192 1691 288 1755 fient
333 1691 456 1756 Contra
479 1716 517 1757 ea
540 1693 567 1756 si
591 1694 693 1757 altera
717 1693 850 1755 alterius
874 1712 939 1774 ope
962 1691 1152 1776 adjuvatur,
1167 1693 1299 1779 majore

192 1791 223 1855 in
248 1792 319 1856 dies
341 1795 540 1857 incremento
564 1805 683 1878 augent
705 1794 790 1856 inter
813 1813 850 1854 se
873 1799 906 1854 et
928 1793 1144 1876 perpoliunt⁴.
1166 1793 1298 1860 Verum

193 1893 276 1955 enim
310 1915 388 1956 vero
423 1895 511 1979 apud
537 1895 674 1959 Graecos
697 1915 797 1979 quum
820 1892 956 1956 aliarum
979 1904 1046 1956 tum
1070 1893 1184 1958 harum
1208 1917 1299 1980 prae·

191 1993 286 2078 cipue
302 2016 410 2081 rerum
426 1998 568 2060 cernitur
584 1994 793 2066 vicissitud0,
811 2001 846 2056 ut
862 2014 929 2077 quo
946 1995 1086 2078 majores
1102 1995 1146 2059 ad
1162 2017 1297 2062 omnem

191 2097 417 2161 excellentiam
451 2097 528 2160 fecit
562 2098 814 2182 progressiones
850 2096 1037 2180 eloquentia
1060 2098 1146 2180 ipsa,
1169 2118 1211 2160 eo
1235 2097 1297 2163 de·

190 2217 277 2258 mum
312 2196 499 2280 diligentior
534 2207 566 2259 et
594 2199 777 2260 accuratior
799 2196 883 2258 ratio
907 2195 1036 2259 dicendi
1061 2207 1093 2260 et
1116 2197 1297 2282 disciplina

190 2295 339 2357 evaserit.
385 2296 532 2380 Utraque
554 2298 727 2379 utriusque
750 2294 955 2378 profectuum
980 2296 1072 2360 dedit
1095 2307 1128 2362 et
1157 2320 1297 2365 causam

189 2404 221 2458 et
244 2397 450 2460 occasionem
475 2407 507 2461 et
531 2397 769 2460 documentum.
817 2395 889 2458 Hoc
905 2418 946 2460 eo
961 2398 1067 2462 minus
1083 2399 1116 2461 in
1133 2399 1296 2484 eloquen-

189 2496 242 2559 tiae
265 2496 353 2580 apud
378 2497 514 2562 Graecos
538 2499 676 2561 historia
699 2496 881 2560 mirandum
904 2509 970 2572 est,
989 2498 1080 2581 quod
1097 2510 1225 2564 veteres
1241 2502 1295 2568 illi

187 2595 317 2660 dicendi
352 2610 575 2684 praeceptores
609 2600 686 2662 inde
710 2621 728 2662 a
752 2599 876 2661 Corace
912 2611 945 2661 et
977 2597 1084 2674 Tisia,
1108 2601 1245 2677 Siculis,
1271 2625 1294 2669 a

187 2699 307 2780 quibus
341 2702 453 2785 primis
487 2702 590 2764 libros
625 2701 808 2763 rhetoricos
833 2702 958 2782 (τέχνας
979 2697 1183 2786 ῥητορικάςῧ)
1207 2725 1292 2769 con·

186 2801 330 2884 scriptos
353 2825 428 2866 esse
449 2802 609 2878 constat⁶‚
624 2823 732 2885 usque
747 2800 788 2864 ad
806 2810 975 2864 auctorem
991 2801 1193 2878 Rhetoricae,
1209 2823 1291 2888 quae

187 2919 386 2934 m

256 2971 272 3021 2
289 2970 343 3023 Pro
364 2972 445 3026 Licin.
465 2975 543 3026 Areh.
562 2973 587 3036 7,
607 2973 647 3025 15.

254 3054 328 3108 301⁴.
347 3056 435 3120 Quint.
454 3060 473 3113 I.
494 3060 524 3113 0.
544 3060 590 3122 111,
609 3061 633 3121 5,
657 3061 675 3110 l.
698 3063 800 3111 Auctor
819 3057 853 3110 ad
872 3057 989 3110 Her-eun.
1016 3057 1160 3122 (Cornifici
1178 3057 1198 3120 1,
1217 3058 1241 3120 1,
1263 3060 1290 3116 3.

184 3137 342 3193 Stallbaum.
361 3144 394 3196 ad
413 3144 518 3197 Platon.
537 3145 641 3197 Phaedr.
662 3144 720 3196 269.
740 3142 771 3192 1).
800 3143 829 3195 1,.
841 3143 966 3212 Spengel.
987 3142 1078 3194 Ueber
1097 3143 1138 3196 die
1153 3143 1288 3200 Rhetorik

184 3223 232 3275 des
254 3228 424 3279 Aristoteles.
462 3227 597 3278 munchen
617 3229 690 3279 1851.
712 3247 737 3296 p.
759 3227 789 3276 11
810 3244 851 3295 sq.

252 3309 418 3364 4Praeclere
438 3310 526 3374 Quint.
547 3311 566 3362 l.
586 3311 617 3362 Ο.
636 3312 677 3375 X,
697 3316 726 3374 ⁴2,
746 3311 761 3363 8
780 3311 852 3362 nulla
873 3312 1008 3381 -inquit
1028 3342 1059 3352 -
1079 3312 1114 3364 sit
1133 3330 1191 3376 ars,
1211 3331 1283 3383 quu-

182 3391 214 3442 lis
234 3393 340 3446 invente
358 3408 414 3459 est,
433 3415 482 3450 nec
502 3398 570 3448 intra
589 3399 688 3449 initium
708 3398 791 3450 stetit.

252 3479 267 3530 5
286 3479 341 3533 lllis
359 3485 467 3548 τέχναις
484 3484 644 3553 eloquentiae
662 3502 717 3536 non
736 3493 871 3554 praecepta
890 3486 978 3535 solum
998 3483 1048 3536 sed
1067 3484 1189 3554 exempla
1202 3485 1285 3541 etiam

181 3565 392 3630 continebantur,
412 3568 488 3638 cujus
508 3569 612 3640 generis
632 3580 695 3622 sunt
715 3569 861 3639 tetralogiae
875 3568 1056 3638 Antiphontis.
1094 3568 1133 3621 Cf.
1152 3569 1180 3621 L.
1192 3569 1284 3641 Spen-

92 3672 95 3678 ·
180 3650 232 3719 gel.
251 3653 404 3722 Συναγωμὴ
423 3654 525 3721 τεχνῶν
553 3674 574 3708 s.
600 3657 703 3708 Artium
728 3654 892 3724 Scriptores.
912 3653 1011 3725 Stuttg.
1030 3653 1105 3706 1828.
1125 3675 1151 3726 p.
1170 3656 1220 3708 117
1240 3675 1283 3730 sq.

181 3733 288 3788 Valent.
301 3737 375 3792 Rose
389 3739 429 3792 De
441 3742 596 3794 Aristotelis
617 3741 708 3794 libror.
727 3738 784 3792 ord.
804 3748 831 3792 et
849 3740 971 3792 auctorit.
992 3739 1080 3793 Berol.
1099 3741 1175 3796 1854.
1185 3759 1211 3812 p.
1223 3741 1283 3797 101.

251 3821 267 3871 6
287 3820 325 3874 ef.
345 3825 472 3897 Spengel.
492 3827 508 3878 l.
527 3828 543 3878 l.
566 3846 591 3897 p.
610 3825 643 3878 29
662 3845 723 3898 sqq.
747 3824 781 3877 37
800 3842 860 3900 sqq.
898 3826 951 3880 Cic.
976 3825 1010 3880 de
1033 3826 1133 3881 invent.
1157 3827 1196 3890 11,
1220 3828 1283 3891 λθ

180 3903 282 3958 Tisiam
301 3907 465 3962 inventorem
484 3922 511 3963 et
529 3913 674 3982 principem
694 3913 771 3983 hujus
797 3914 860 3964 artie
886 3913 956 3965 dicit.
994 3911 1051 3965 Sed
1070 3912 1102 3964 cl.
1121 3912 1161 3965 Id.
1180 3912 1215 3965 de
1234 3913 1281 3967 Or.

181 3989 204 4050 1,
218 3990 259 4053 20,
279 3990 320 4043 91.
339 3991 412 4047 Brut.
435 3995 474 4057 12,
493 3995 535 4048 16.
554 3996 630 4048 Marii
649 3997 779 4049 Victorin.
798 3999 927 4066 expositt.
945 3997 971 4047 iu
991 3995 1044 4048 Cic.
1065 3995 1099 4048 de
1117 3997 1283 4052 Iuventii

178 4091 204 4142 p.
223 4076 281 4130 207.
301 4077 342 4131 ed.
361 4077 474 4150 Neapol.
495 4079 571 4132 1777.
590 4078 701 4144 Quintil.
717 4082 737 4133 l.
756 4080 851 4142 0.111,
871 4081 896 4144 1,
913 4079 938 4133 8.
974 4079 1066 4133 Schol.
1084 4080 1117 4134 ed
1135 4079 1219 4134 Isocr.
1239 4098 1279 4135 or.

179 4158 213 4209 13
231 4159 245 4230 ξ
266 4162 309 4214 19.
