2940 5026
312 416 355 482 62

313 588 343 674 c)
366 585 426 651 sed
449 587 614 651 recusavit
635 586 691 651 ille
710 585 781 669 -§
804 586 846 651 24
867 621 899 637 ··

298 689 346 776 d)
370 687 575 771 Quamquam
598 687 728 751 maximi
752 687 906 751 momenti
919 698 997 752 sunt
1013 696 1204 774 argumenta
1220 692 1364 756 extesti-

334 790 451 854 moniis
474 801 613 873 sumpta.
636 787 654 870 ἓ
677 787 773 877 256-
792 787 831 852 cf.
855 790 958 853 Anax.
982 789 1054 866 200,
1076 789 1105 854 4.
1129 790 1201 867 202,
1224 792 1274 857 29.
1297 795 1364 858 An-

334 890 414 975 tiph.
439 889 478 965 V,
502 890 543 954 32
564 926 597 939 -
615 889 697 961 ἔθος
715 925 749 936 -

312 993 338 1076 ²)
361 1000 395 1078 a)
419 991 529 1069 Quare
552 989 642 1074 quod
665 990 774 1074 potui,
796 989 866 1054 teci.
913 989 1013 1070 Quod
1036 993 1065 1055 si
1087 992 1132 1055 illi
1155 993 1187 1056 in
1199 1014 1271 1056 mea
1287 1016 1364 1058 enn-

335 1093 458 1158 ditione
481 1091 635 1165 fuissent,
662 1091 755 1155 aliter
780 1113 817 1155 se
839 1113 906 1156 rem
930 1091 1051 1156 hahere
1073 1093 1137 1177 ipsi
1161 1093 1307 1160 dicerent
1326 1134 1361 1144 -

312 1297 343 1383 b)
367 1296 395 1360 si
418 1297 449 1358 in
473 1315 523 1357 me
547 1303 649 1356 testes
673 1292 851 1369 dixissent,
879 1293 974 1358 aliter
996 1316 1033 1358 se
1056 1316 1108 1359 res
1131 1295 1254 1361 habere
1277 1297 1364 1361 dico·

333 1409 431 1462 retur.
455 1395 473 1478 ἓ
495 1394 630 1458 28-30,
651 1431 685 1442 -
710 1393 868 1481 τεκμήρια
888 1433 921 1444 -

315 1499 345 1588 c)
369 1498 479 1578 Quare
502 1495 624 1578 seipsi
648 1495 920 1571 condemnarunt,
943 1520 994 1562 me
1016 1500 1231 1564 absolverunt
1241 1500 1308 1584 ⁴⁸.§
1324 1502 1362 1565 31

338 1599 430 1663 -32,
453 1595 658 1678 παλιλλογίοι.
680 1595 845 1683 ἐρώτησις.
873 1635 906 1647 -

914 1687 918 1694 υ

268 1703 323 1768 Ill.
335 1700 471 1786 Perjure
484 1710 620 1785 egerunt
632 1709 851 1762 accusatores.
868 1737 900 1747 -
917 1699 1070 1776 ἐξέτασις.
1083 1701 1122 1765 of.
1136 1703 1283 1767 Anaxim.
1295 1704 1364 1779 191,

337 1804 351 1866 l
377 1821 450 1885 sqq.
471 1800 537 1883 -ξ
561 1800 696 1864 33-51.

313 1905 340 1983 ¹)
362 1902 527 1988 πρόθεσις
545 1939 579 1949 -
599 1900 618 1985 h
642 1901 692 1965 33.

312 2005 338 2089 ²)
361 2008 393 2088 α)
417 2004 450 2090 ο)
484 2003 594 2067 Primo
618 2015 650 2066 et
672 2003 820 2068 secundo
844 2004 897 2069 die
921 2019 999 2091 post
1021 2004 1113 2089 pueri
1136 2015 1274 2069 mortem
1298 2027 1364 2068 me·

334 2127 407 2171 cum
431 2115 522 2169 erant
543 2105 607 2168 isti.
651 2104 767 2169 Tertio
792 2105 845 2169 die
867 2129 984 2170 nomen
998 2128 1103 2169 meum
1118 2105 1284 2182 deferunt,
1298 2128 1364 2169 non

334 2229 396 2271 sua
419 2215 538 2291 sponte
560 2206 606 2271 illi
631 2206 763 2291 quidem
786 2205 846 2270 sed
870 2207 966 2270 donis
991 2207 1149 2291 perducti.
1172 2207 1190 2290 ᾗ
1213 2207 1264 2269 34.

313 2307 344 2394 b)
368 2306 507 2380 Aristio,
539 2306 704 2382 Philinus,
729 2306 935 2390 Ampelinus‚
964 2306 1138 2370 subscribe
1161 2307 1365 2371 thesmothe-

334 2419 441 2474 tarum
469 2406 500 2469 iu
531 2428 570 2470 eo
595 2419 695 2484 erant,
718 2419 754 2471 ut
777 2429 796 2471 a
817 2430 869 2471 me
893 2407 934 2472 de
958 2408 1149 2492 repetundis
1172 2430 1366 2499 aecusaren·

334 2521 396 2575 tur.
441 2508 507 2582 llli,
529 2530 569 2572 ne
590 2510 656 2597 ipsi
678 2531 817 2594 poenam
841 2509 971 2584 darent,
993 2509 1214 2573 Philocratem
1228 2509 1366 2594 ejusque

334 2611 541 2698 propinquos
565 2609 804 2692 perduxerunt,
828 2621 865 2674 ut
890 2631 941 2674 me
964 2621 1165 2673 accusarent.
1187 2608 1206 2692 ἕ
1228 2609 1364 2673 35-36.

313 2713 343 2799 c)
365 2713 521 2777 Protinus
547 2709 598 2773 die
621 2719 798 2794 postquam
822 2709 974 2792 sepultus
988 2721 1038 2772 est
1051 2731 1143 2794 puer,
1155 2711 1262 2794 parati
1274 2718 1367 2773 erant

336 2810 386 2878 me
416 2833 587 2886 accusare3
620 2810 680 2874 sed
715 2831 735 2874 a
767 2831 843 2895 rege
878 2810 1060 2895 (archonte)
1095 2811 1250 2895 prohibiti
1274 2821 1367 2876 erant

336 2935 493 2980 accusare
522 2923 659 2997 propter
682 2913 839 2997 temporis
864 2933 1039 2996 persuum
1064 2913 1288 2998 magistratum
1311 2935 1366 2976 an·

269 3013 514 3117 Q49.
536 3013 555 3097 §
577 3014 713 3080 37-.38.

271 3132 387 3202 ὀνόματι
410 3133 475 3198 (dut.
494 3133 624 3195 instrum.)
646 3129 769 3191 ἕκαστον,
799 3126 913 3183 τούτους
935 3128 1042 3199 ἐρωτᾶν
1063 3128 1131 3182 κτλ.’
1161 3131 1293 3185 Credibile
1311 3149 1366 3184 non

270 3229 326 3281 eet,
346 3219 539 3287 Antiphontem
557 3217 593 3266 ito
612 3217 770 3286 scripsisse,
788 3213 862 3284 quod
881 3212 946 3264 vidit
965 3214 1115 3284 Sauppius,
1135 3234 1215 3286 quum
1233 3219 1289 3267 καί
1306 3213 1368 3267 τοί-

269 3318 334 3355 τουτ
355 3299 463 3367 ἐρωτᾶν
486 3298 631 3367 eonjecerlt
660 3298 817 3370 legendum,
847 3301 897 3351 nisi
927 3299 997 3352 forte
1027 3301 1066 3352 sic
1096 3303 1200 3354 restitui
1232 3302 1369 3371 putabitur

270 3385 448 3439 membrorum
467 3384 659 3436 enunciationis
684 3386 752 3436 iuter
769 3400 800 3434 se
819 3385 980 3453 compositio
1000 3395 1027 3436 et
1046 3387 1243 3439 convenientia:
1262 3416 1275 3426 -
1294 3381 1367 3438 -δι-
1439 3429 1441 3435 .

270 3470 399 3531 noeroit,
421 3462 510 3520 ἰέναι
528 3465 678 3520 κελεύων
694 3464 814 3536 λαβόντα
835 3463 891 3518 κτλ.

341 3553 376 3608 48
410 3552 480 3620 §3⁵2
498 3551 569 3607 ὅπου
589 3555 640 3624 γὰρ
660 3550 727 3619 ἐμοῦ
746 3548 891 3606 ἐθέλοντος
917 3549 1075 3622 ἐλέγχεσθαι
1095 3557 1162 3622 περὶ
1187 3545 1225 3603 ὦν
1246 3549 1365 3624 ᾐτιῶντο

272 3634 349 3694 οὗτοι
366 3642 404 3708 μή
427 3637 524 3692 ἔθελον
540 3634 665 3709 ἐλέγχειν,
687 3633 844 3704 ἠδίκουν,
864 3641 910 3687 καί
929 3635 977 3705 ἐμὲ
995 3637 1047 3706 μὲν
1064 3634 1154 3704 δήπου
1175 3633 1301 3698 ἀπέλυον,
1321 3633 1366 3687 αὖ·

272 3731 317 3779 τοί
335 3721 366 3778 δὲ
383 3727 452 3777 κατὰ
479 3723 557 3792 epeia
583 3720 673 3775 αὐτῶν
699 3719 836 3794 μάρτυρες
864 3720 986 3792 ἐγένοντο
1010 3719 1054 3775 ὅτι
1081 3719 1160 3775 οὐδὲν
1182 3716 1290 3773 δίκαιον
1308 3715 1366 3771 οὐδ’

272 3806 376 3877 ἀληθὲς
393 3807 522 3882 ᾐτιῶντο.
558 3809 683 3863 Reiskius
701 3809 783 3878 ”post
800 3802 913 3873 ἠδίκουν
932 3839 962 3848 -
982 3808 1067 3878 inquit
1086 3833 1115 3846 ··
1136 3807 1240 3859 videtur·
1256 3810 1302 3857 καί
1320 3803 1368 3874 ἐμὲ

271 3897 318 3947 κοί
337 3892 448 3946 ἑαυτοὺς
467 3892 588 3946 deesse.”
630 3893 771 3947 Dnbreeus
790 3893 904 3946 Advers.
923 3893 948 3956 Ι,
967 3894 1018 3947 174
1037 3914 1060 3946 v.
1083 3889 1197 3960 ἠδίκουν
1214 3901 1369 3966 corruptum

273 3995 337 4032 esse
356 3988 438 4048 putat
475 3977 559 4030 Recte
578 3995 637 4030 men
661 3980 768 4049 quidem
786 3979 927 4031 sententie.
973 3980 1105 4050 Suspicor
1123 3997 1172 4048 pro
1191 3973 1304 4043 ἠδίκουν
1330 3977 1368 4030 le·

273 4063 391 4134 gendum
418 4079 481 4115 esse
508 4059 750 4132 ἐφυγοδίκουν.
795 4063 834 4115 cf.
853 4064 867 4133 §
887 4063 959 4116 472
984 4061 1062 4116 αὐτοὶ
1089 4063 1159 4134 ἔργῳ
1186 4057 1366 4123 ἆπιδίιιυιυυιν,
1393 4098 1396 4104 -

273 4144 353 4199 ταῦθ’
371 4143 441 4217 ὑμᾶς
460 4143 597 4198 κελεύουσι
614 4142 807 4205 καταδικάσαι,

343 4229 378 4285 49
412 4230 483 4295 §37
501 4235 547 4285 καί
565 4223 643 4285 οὗτοι
670 4227 734 4283 τότε
756 4230 809 4298 μὲν
832 4228 977 4303 πρόθυμοι
1004 4220 1075 4297 ἦσαν
1100 4225 1320 4307 ἀπυγράφεοθυί
1334 4247 1370 4297 με
