2940 5026
321 409 366 475 52

344 588 479 664 captum
500 582 697 646 narratur²².
720 584 881 669 μαρτυρία
904 583 923 669 §
946 584 998 649 20.

279 681 316 743 ll.
341 682 465 747 Navem
488 691 626 766 propter
649 692 863 768 tempestates
887 684 929 747 ad
954 687 1030 749 litus
1050 685 1306 773 lllethymnaeum
1320 712 1378 776 ap-

343 783 465 866 pellere
490 785 593 846 ooaeti
618 793 703 847 sunt.
725 785 887 870 μαρτυρία
899 786 936 848 ²³.
960 785 979 870 ᾗ
1004 786 1140 851 21-22,

280 883 333 947 lll.
346 883 416 947 Viri
439 897 565 969 potant.
610 886 715 948 l'otus
742 885 893 948 Herodes
916 888 992 955 abit,
1009 909 1114 970 neque
1128 890 1382 974 unquamredit‚⁴
1454 894 1457 902 ’

343 1007 449 1068 neque
472 988 606 1070 reperiri
631 998 750 1070 potest.
772 988 943 1072 μαρτυρία.
966 994 981 1064 §
1008 989 1144 1053 23-24.

365 1091 549 1171 Antequam
578 1087 619 1150 ad
645 1109 728 1160 eam,
752 1108 826 1170 quae
848 1089 880 1150 in
904 1088 966 1152 hae
990 1090 1136 1153 oratione
1160 1103 1224 1165 est,
1240 1094 1377 1173 βεβαίω-

280 1206 333 1254 σιν
357 1190 532 1263 veniamus‚
557 1188 598 1250 de
621 1189 771 1250 narrandi
798 1189 923 1251 ratione
947 1190 1069 1272 aliquid
1094 1190 1267 1256 dicendum
1285 1195 1374 1259 vide·

278 1301 340 1354 tur.
386 1291 466 1353 Tria
501 1290 719 1351 narrationum
742 1311 862 1374 genera
891 1313 975 1363 esse,
1000 1291 1078 1354 ‹lieit
1102 1295 1319 1358 Anaximenes
1344 1319 1374 1380 p.

279 1392 350 1464 220,
375 1391 494 1465 7-223
519 1393 589 1465 231,
613 1391 672 1454 8-
684 1392 692 1454 1
704 1393 728 1463 1,
752 1413 865 1464 αοαιο,
879 1412 978 1474 quum
995 1414 1045 1464 ea,
1059 1414 1132 1476 quae
1145 1416 1277 1459 narrare
1289 1419 1375 1481 opus

280 1504 345 1564 est,
369 1492 531 1576 ejusmodi
555 1493 635 1563 sint,
657 1503 694 1555 ut
721 1491 1048 1555 exordioadmisoeri
1064 1497 1210 1577 possint3
1227 1497 1373 1572 alterum,

279 1615 388 1677 quum.
412 1594 487 1676 quia
511 1593 604 1676 plura
629 1593 694 1655 sint
718 1614 770 1666 ea,
794 1613 867 1676 quae·
887 1594 1050 1656 narrando
1074 1594 1260 1660 adumbrari
1275 1621 1373 1684 opor-

279 1703 362 1768 teat,
385 1715 481 1778 quam
506 1716 580 1777 quae
604 1717 668 1756 uno
693 1695 787 1778 quasi
801 1706 913 1758 tenore
926 1696 1047 1779 exponi
1064 1697 1141 1759 utile
1155 1698 1211 1772 sit,
1225 1700 1287 1762 alia
1299 1702 1371 1765 aliis

278 1794 363 1857 locis
384 1807 569 1870 riarren·tur·;
593 1796 736 1865 tertium,
761 1798 787 1859 si
812 1806 890 1881 post
906 1795 1077 1858 exordium
1093 1799 1284 1864 immutabili
1297 1825 1375 1866 eon·

277 1896 455 1959 tinuatione
479 1897 720 1980 expositionem
745 1921 855 1962 rerum
875 1897 1040 1960 faciamus.
1062 1898 1099 1961 In
1123 1898 1185 1962 hao
1209 1903 1372 1971 oratione.

278 2018 352 2082 quae
386 2006 436 2060 est
464 1996 510 2059 de
540 1998 630 2060 oaeile
670 1998 830 2073 Herodis,
864 2019 1059 2082 quamquain
1083 2001 1224 2064 narratio
1249 2003 1280 2065 in
1304 2017 1373 2067 tres

276 2109 388 2183 partes
424 2097 593 2171 dividitur,
624 2121 760 2182 quarum
795 2123 855 2163 sua
890 2122 1052 2184 quamque
1076 2113 1260 2186 sequuntur
1283 2105 1374 2168 testi·

278 2201 399 2268 monia,
422 2208 527 2261 tamen
553 2223 616 2262 non
642 2202 700 2263 nisi
725 2200 768 2263 ad
797 2200 948 2263 ultimum
968 2199 1053 2262 illue
1075 2206 1295 2268 narrationum
1317 2228 1372 2291 ge·

277 2323 338 2363 nus
374 2302 413 2362 ab
448 2302 647 2364 Anaximene
676 2311 961 2365 commemoratum
985 2299 1097 2363 referri
1123 2314 1242 2386 potest.
1288 2308 1372 2371 Nam

277 2401 450 2486 quominus
473 2400 504 2462 in
529 2402 631 2464 altero
655 2404 716 2465 illo
735 2424 854 2487 geriere
876 2411 1026 2486 ponatur.
1050 2403 1231 2486 impediunt
1244 2428 1290 2478 ea,
1304 2429 1379 2490 quae

277 2503 495 2565 Anaximenes
531 2502 629 2586 hujus
663 2505 791 2586 generis
816 2503 950 2587 propria
973 2526 1047 2565 esse
1072 2505 1150 2566 dicit
1184 2527 1213 2588 p.
1239 2508 1310 2582 220,
1338 2512 1374 2573 10

277 2597 355 2667 ὅταν
380 2603 416 2667 ts
439 2603 513 2667 Aion
537 2592 616 2666 ὦσιν
637 2605 675 2666 αἱ
694 2602 830 2687 πραῖοις
852 2602 973 2665 πολλοὶ
996 2601 1050 2665 καὶ
1064 2603 1110 2688 μὴ
1124 2603 1290 2687 γνώριμοι,
1309 2629 1372 2669 πα.-

277 2701 306 2791 ρ’
324 2705 459 2768 ἕκαστον
483 2706 548 2787 (int.
573 2705 720 2788 πρᾶγμα)
744 2701 910 2774 σνναπνοὶς
933 2703 998 2784 (int.
1012 2698 1210 2782 ἀπαγγελίας
1223 2707 1241 2769 1.
1264 2703 1376 2779 αὐτοῖςι

277 2804 315 2868 ef.
340 2805 411 2875 220,
434 2807 474 2887 7.)
498 2804 700 2891 ποιήσομεν,
735 2802 790 2867 καὶ
817 2805 975 2875 δικαίας
998 2800 1063 2866 καὶ
1086 2806 1373 2892 συμφερούσας

277 2905 341 2970 καὶ
363 2905 483 2978 καλὰς
507 2901 810 2989 ἀποφανοῦμεν,
833 2907 851 2969 i.
876 2929 902 2969 e.
918 2905 1119 2985 δικαιολογία
1133 2910 1283 2990 quaedam
1296 2919 1374 2993 post

276 3010 386 3092 ipsam
416 3010 461 3071 rei
495 3007 590 3070 l'aotae
620 3010 876 3092 expositionem,
900 3020 1073 3092 antequam
1098 3010 1301 3074 oomirmatio
1323 3011 1374 3074 in·

277 3109 394 3193 eipiata
413 3107 505 3190 sequi
531 3108 636 3170 debet.
683 3108 834 3170 Ceterum
858 3106 1018 3171 detentio
1042 3111 1099 3170 illo
1121 3130 1240 3192 genere
1264 3112 1373 3194 praeoi·

346 3273 380 3322 ⁶22
416 3271 483 3340 §20
501 3270 530 3324 ἓν
546 3291 588 3338 τῳ
603 3270 691 3338 πλοίῳ
709 3270 800 3323 πλέων
818 3265 841 3337 ql
854 3268 988 3341 Ἡρώδην.
1025 3275 1081 3326 Ant
1100 3273 1129 3325 ἕν
1150 3275 1195 3341 τῷ
1219 3274 1308 3343 αὐτῷ
1325 3275 1372 3330 ul..

276 3353 322 3406 orl.
339 3348 433 3423 qi‘Hp.
453 3357 622 3408 scribendum
642 3356 745 3407 videtur
765 3368 822 3416 ant,
842 3355 869 3407 id
888 3356 961 3425 qnod
980 3359 1066 3410 suasit
1084 3359 1219 3423 Reislrins‚
1238 3359 1267 3413 ἐν
1279 3381 1305 3414 ν.
1324 3360 1371 3414 acl.

275 3430 516 3510 πλ.ο1ιια1Ἡρ.
750 3441 753 3445 ’

345 3523 379 3575 23
416 3523 482 3591 §21
511 3519 545 3576 οὗ
572 3527 607 3576 ei]
636 3521 735 3576 πλοῖον
759 3521 847 3594 ὥρμει
873 3522 954 3575 τοῦτο
981 3517 1020 3576 εἷς
1050 3523 1067 3575 ὃ
1090 3527 1261 3597 potensteine
1290 3534 1374 3596 φασὶν

277 3606 432 3661 ἀποθανεῖν
447 3605 529 3662 αι’-τὸν
544 3612 593 3662 τὸν
606 3605 742 3680 Ἡρώδην.
785 3610 910 3662 Reiskins
939 3620 985 3662 aut
1013 3606 1096 3661 αὐτὸν
1123 3613 1147 3664 iu
1175 3606 1256 3663 οὗτον
1277 3616 1372 3666 mutari

277 3705 403 3766 oportere
435 3694 499 3747 dicit
528 3705 573 3748 erit
601 3697 650 3748 τὸν
671 3689 799 3764 Ἡρώδην
821 3696 911 3748 deleri.
960 3699 1145 3750 Assenserunt
1175 3698 1314 3751 llobreeus
1346 3710 1375 3752 et

277 3781 410 3842 Metzner,
430 3783 473 3850 qui
492 3782 547 3834 luee
570 3782 651 3834 verba
674 3782 749 3832 uncis
774 3782 887 3833 inclusit.
932 3780 1036 3833 Turioe.
1056 3786 1093 3845 (et
1113 3783 1233 3856 Mueller)
1264 3786 1373 3837 iterem
1423 3840 1432 3859 ρ

276 3865 402 3935 expedire
421 3866 471 3916 sibi
490 3867 538 3918 risi
557 3876 632 3926 sunt,
658 3867 681 3918 si
710 3878 774 3935 post
797 3864 879 3918 αὐτόν
898 3867 1023 3937 virgulam
1046 3877 1184 3937 ponerent
1222 3868 1315 3921 Omnia
1336 3871 1373 3921 in-

275 3960 351 4020 tegra
365 3949 535 4013 videbuntur,
554 3953 577 4002 si
596 3955 635 4002 sic
653 3953 797 4020 scripsisse
816 3953 952 4022 putabitur
971 3953 1120 4022 Antiphon:
1140 3984 1151 3994 -
1170 3983 1182 3994 ·
1201 3958 1269 4021 φασι
1293 3950 1375 4006 αἰνὸν

277 4031 432 4085 ἀποθανεῖν
444 4035 494 4084 τὸν
504 4031 639 4105 Ἡρώδην.
678 4034 716 4086 (ff.
736 4039 753 4102 ᾗ
773 4035 807 4088 77
826 4035 913 4104 αὐτῷ
930 4033 1089 4106 ἡμάρτηται
1106 4035 1151 4104 τῷ
1169 4036 1237 4105 ἔμῷ
1254 4041 1373 4107 πατρί.

278 4119 383 4171 Andoc.
402 4118 448 4180 lll,
468 4117 500 4171 28
520 4116 574 4188 ἰγο)
593 4119 644 4184 μὲν
662 4111 709 4169 οὖν
734 4117 846 4173 ἐκεῖνο
867 4116 981 4172 δέδοικα
1007 4118 1140 4185 μάλιστα,
1170 4113 1373 4188 ὦἈθηναῖοι,

275 4196 739 4269 νὰείθιομένονιιακὸνκτλ.
