2940 5026
1200 395 1239 500 ei

233 601 256 681 ³]
283 601 316 686 a)
340 601 405 664 Res
435 609 548 685 aperta
579 610 647 676 est;
669 623 770 685 quare
793 623 858 665 non
881 603 977 666 anxie
1002 624 1044 666 ex
1056 605 1286 691 quovis-signo

253 703 475 787 conjecturam
497 701 605 766 secere
630 722 715 786 opus
739 711 790 765 est
800 702 836 764 ⁴⁴.
861 702 878 786 ἓ
905 705 951 768 18.

234 803 265 889 b)
289 803 355 866 Sed
381 814 592 866 accusatores
617 803 770 866 dixerunt
793 823 926 886 quoque
950 803 1002 882 (cf.
1026 804 1207 890 §ae-39),
1235 830 1285 870 me

254 927 319 967 non
355 905 395 968 de
428 905 587 968 industria
623 926 759 988 puerum
795 904 1013 981 interi'ecisse3
1038 928 1139 989 quare
1163 931 1198 972 se
1221 909 1285 994 ipsi

253 1005 489 1070 refellerant⁴⁵.
513 1006 531 1088 ᾖ
558 1008 603 1069 19.
627 1003 814 1092 ἐνθύμημα.

189 1108 226 1171 11.
251 1107 427 1186 Quomodo
451 1131 487 1170 se
511 1109 543 1170 in
556 1129 606 1169 me
618 1109 783 1192 gesserint
795 1118 1013 1170 accusatores.
1026 1109 1044 1192 ξ
1056 1108 1105 1172 20.
1123 1109 1284 1192 (ao-32).

231 1208 256 1286 1)
280 1209 313 1294 a)
336 1209 542 1272 Philocrates
572 1209 688 1272 eodem
712 1208 780 1283 die,
804 1228 869 1291 quo
893 1231 975 1292 puer
999 1210 1228 1292 sepeliebatur,
1252 1212 1284 1274 in

252 1309 564 1374 Thesmothetarum
609 1311 749 1394 collegio
789 1331 841 1372 me
883 1311 1053 1386 indicavit3
1096 1333 1157 1398 ego
1203 1335 1283 1376 vero

253 1433 325 1474 eum
348 1410 454 1474 refelli
465 1411 494 1451 ⁴⁶
506 1411 577 1494 -ἓ
600 1411 727 1476 20-22
747 1449 776 1460 -·
791 1432 798 1486 3

231 1513 262 1600 b)
286 1535 371 1598 quos
394 1514 467 1598 ipse
500 1513 614 1587 veliet,
652 1522 754 1576 testes
791 1511 912 1575 citandi
950 1513 1076 1596 copiam
1100 1515 1286 1578 accusatori

253 1613 563 1697 feci47-§23-
649 1694 652 1700 ἦ

186 1801 244 1837 νος
260 1781 330 1850 μήτε
348 1779 505 1853 βουλεύσας.
543 1781 566 1833 J.
586 1781 757 1835 Scholefieid.
781 1784 807 1835 in
830 1792 919 1835 annot.
939 1782 973 1834 ad
996 1781 1078 1834 Dobr.
1097 1782 1201 1836 advers.
1219 1785 1239 1838 1.
1257 1804 1285 1856 p.

187 1870 237 1921 173
257 1870 335 1922 ”esse
354 1870 444 1938 possit
456 1866 526 1935 μήτε
544 1873 615 1940 χειρὶ
634 1865 816 1931 (ἀποκτεῖναι)
835 1863 974 1936 ἀράμενοι
991 1864 1123 1933 (uitrici-’¹
1142 1868 1284 1925 Dobreeus

186 1954 201 2007 1.
220 1955 235 2006 1.
254 1957 365 2024 primum
383 1956 463 2023 χεῖρα
480 1950 627 2023 ἀράμενος,
650 1952 722 2022 quod
743 1965 831 2006 tamen
850 1971 930 2024 quum
949 1954 1008 2023 ipse
1027 1953 1205 2022 repudiasset,
1233 1958 1285 2028 legi

186 2049 284 2109 postea
296 2038 381 2103 jussit
398 2042 470 2106 χειρὶ
489 2035 674 2107 ἐργασάμενοι
692 2039 733 2089 cli.
752 2038 857 2091 Andoc.
875 2039 895 2101 1,
914 2038 955 2092 95.
992 2037 1066 2090 Idem
1086 2041 1154 2110 conj.
1168 2041 1286 2095 Valcke-

189 2142 249 2177 πων.
271 2125 304 2176 ad
324 2122 425 2175 Herod.
446 2122 492 2184 Vl,
512 2122 552 2172 56.
588 2121 658 2173 Nihil
677 2123 770 2174 hoium
791 2141 860 2194 opus
880 2141 942 2177 esse
960 2121 1077 2175 videtur:
1094 2130 1188 2195 χειρὶ
1206 2123 1284 2196 σἰρά-

185 2227 289 2277 μενοι
309 2211 323 2261 i.
342 2226 364 2261 e.
387 2225 466 2260 manu
494 2224 553 2258 mea
579 2208 715 2259 subtatum
737 2225 797 2261 eum
821 2226 891 2263 esse.
929 2208 969 2262 cf.
988 2209 1126 2278 Aristoph.
1146 2211 1212 2263 Aeli.
1232 2212 1283 2263 565

186 2292 316 2366 ύρδήσει,
336 2293 436 2346 tolleris
456 2296 481 2355 (e
501 2292 606 2357 medio).

255 2382 290 2431 44
325 2379 343 2441 §
364 2376 397 2429 18
414 2408 426 2418 -
445 2408 457 2417 -
475 2383 521 2428 καὶ
541 2374 673 2446 θηρεύειν
690 2383 736 2429 καὶ
755 2376 800 2430 ἕπλ
821 2381 936 2451 σμικρὸν
948 2375 1077 2431 ὑπονοεῖν
1092 2381 1126 2430 τὰ
1139 2377 1282 2451 λεγόμενα.

184 2467 242 2514 Καὶ
272 2460 318 2513 ἐπὶ
346 2458 461 2529 σμικρόν
488 2470 531 2513 est
559 2463 610 2515 vel
641 2463 671 2514 in
701 2465 858 2526 minimis,
887 2474 917 2516 ut
946 2461 1075 2517 ὑπονοεῖν
1092 2481 1126 2516 ex
1151 2463 1287 2538 θηρεύειν

184 2546 307 2616 pendeat.

254 2633 288 2684 45
324 2632 394 2699 §19
422 2628 497 2684 ὁύποο
519 2627 549 2684 δὲ
577 2630 690 2703 πρῶτον
717 2633 769 2700 μὲν
796 2629 853 2686 κτλ.
896 2633 1023 2686 Maetzner
1046 2651 1073 2704 p.
1099 2632 1150 2684 260
1169 2632 1202 2685 ad
1222 2634 1247 2686 h.
1266 2633 1286 2686 1.

183 2715 299 2769 ’'‘Carent
317 2717 373 2769 haec
392 2716 521 2786 epodosi,
541 2735 620 2787 qnam
639 2719 697 2788 ipse
717 2729 809 2771 orator
827 2720 952 2773 omisisse
971 2720 1060 2788 possit
1078 2719 1172 2780 videri,
1200 2735 1285 2772 enun-
1322 2719 1323 2722 ’

185 2802 327 2853 ciationum
356 2801 483 2871 deinceps
512 2803 660 2871 positurum
688 2805 757 2856 serie
781 2812 970 2874 properantem
988 2804 1121 2856 fallente.'’
1158 2802 1239 2867 Quod
1258 2805 1281 2857 si

184 2887 265 2938 verbe
292 2884 323 2946 ἐξ
346 2877 438 2957 ὦνπερ
459 2903 494 2938 ex
517 2884 551 2936 εἰι
567 2885 697 2938 νούσων
715 2886 862 2954 depravata
889 2905 962 2944 esse,
978 2897 1072 2957 putare
1100 2889 1169 2950 iicet,
1201 2907 1285 2959 quum-

185 2972 236 3022 boc
256 2988 304 3039 pro
324 2971 368 3022 iiio
389 2972 497 3039 legeris,
526 2971 614 3022 omnia
641 2972 667 3021 in
691 2971 740 3022 hae
762 2972 949 3024 enunciatione
967 2974 1034 3026 inter
1053 2989 1083 3024 se
1111 2982 1173 3042 apta
1192 2985 1219 3025 et
1237 2991 1285 3026 rc·

186 3054 357 3107 commodata
376 3065 460 3106 erunt.

254 3141 288 3192 46
324 3140 393 3204 §21
413 3135 508 3206 ἐπειδὴ
536 3136 567 3191 δέ
590 3131 669 3193 οὗτος
686 3135 759 3190 ταῦτ’
786 3135 887 3208 ἔλεγεν,
903 3136 1007 3210 ἀναβὰς
1028 3138 1080 3210 ἐγώ
1099 3136 1138 3196 εἷς
1155 3143 1188 3194 τὸ
1206 3138 1286 3194 δικα·

185 3222 298 3294 στήριον
313 3225 374 3279 τοῖς
396 3221 490 3277 civois
511 3219 652 3278 δικασταῖς
679 3221 757 3286 ἔλεξα
774 3221 818 3277 dcc
835 3226 885 3276 τὸν
899 3225 951 3292 μέν
967 3224 1055 3294 νόμον
1073 3224 1103 3278 ού
1123 3222 1231 3279 δίκαιον
1248 3225 1283 3280 ού
1384 3261 1386 3265 >

182 3309 390 3378 πρακαθισταιή
413 3304 586 3377 Φιλοκράτης
612 3308 774 3380 κατηγορῶν
796 3313 842 3360 καλ
869 3303 1026 3378 διαβάλλων
1043 3304 1082 3365 εἷς
1101 3313 1133 3362 νδ
1153 3307 1285 3378 δικαστή·

183 3389 318 3461 ριονκτλ.
356 3394 401 3444 Sic
426 3392 553 3445 Maetzner·
574 3412 607 3446 ex
631 3394 697 3447 Cod.
721 3393 753 3446 N.
777 3395 829 3447 Alii
857 3396 922 3447 aliae
950 3396 1029 3465 hujus
1057 3397 1109 3449 loci
1137 3397 1284 3451 manifesto

183 3475 280 3527 mendo
301 3476 436 3545 depravati
456 3478 657 3532 emendationes
677 3481 845 3550 protuieiuut
863 3481 977 3534 necdum
996 3482 1035 3543 id,
1062 3483 1135 3553 quod
1165 3484 1197 3535 ab
1217 3485 1283 3552 ipso

184 3561 349 3630 Antiphonte
367 3563 516 3632 profectum
535 3574 590 3626 est,
610 3567 728 3617 assecuti
747 3565 870 3617 videntur
887 3583 957 3619 esee.
999 3567 1075 3620 Hanc
1094 3568 1150 3619 fere
1169 3577 1280 3619 senten·

183 3647 244 3697 riam
264 3646 451 3699 desiderarini:
469 3677 481 3689 ·
501 3679 513 3689 ·
532 3646 576 3700 ὅτι
593 3652 643 3700 τὸν
658 3650 709 3716 μέν
723 3647 810 3716 νόμον
828 3646 865 3700 ού
882 3648 941 3700 τού
959 3647 1098 3702 δικαίου
1122 3647 1199 3703 οὐδὲ
1218 3649 1283 3703 τοῖ’

183 3727 338 3797 άληθούε
353 3728 452 3781 ἕνεκα
469 3732 676 3801 προκαθισταῖη
696 3729 752 3783 κσλ.
789 3732 849 3784 Hoc
868 3735 963 3802 requiri
987 3736 1053 3786 mihi·
1072 3734 1176 3787 videtur
1198 3753 1280 3805 quum

182 3826 294 3883 propter
316 3812 477 3884 κατηγορῶν
494 3820 537 3877 (z
556 3809 674 3878 δικαίου)
691 3821 737 3867 καὶ
756 3811 911 3885 διαβάλλων
928 3825 971 3882 (=
990 3815 1121 3885 ἀληθοῦς)
1140 3831 1195 3871 tum
1213 3838 1282 3890 pro·

184 3911 243 3968 pter
262 3915 306 3959 ea,
326 3915 384 3967 qum
403 3897 470 3949 iufra
488 3907 551 3949 sunt
576 3892 688 3965 αι’τιηῖτσ
717 3894 846 3965 (δικαίου)
877 3906 923 3953 καλ
951 3899 1096 3974 διαβάλλοι
1123 3902 1281 3972 (ἀληθοῦς).

183 3983 222 4035 Cf.
242 3983 256 4051 §
275 3981 317 4034 32.

251 4070 286 4120 4¹7
322 4065 392 4135 §23
411 4098 422 4108 ·
442 4099 455 4108 ·
472 4065 684 4141 προύκαλούμην
701 4068 784 4123 αὐτὸν
802 4069 882 4126 εὐθύς
907 4070 970 4126 τότε
989 4079 1035 4126 καὶ
1052 4066 1135 4129 αὖθις
1151 4075 1185 4147 τῇ
1203 4071 1283 4127 iere-

182 4153 248 4222 ραίᾳ
268 4149 297 4204 ἐν
312 4154 371 4206 τοῖς
389 4149 482 4208 adroic
504 4150 660 4216 δικασταῖς,
689 4161 735 4208 καὶ
760 4150 830 4209 ι’έναι
848 4154 970 4211 ἐκέλευον
994 4156 1114 4229 λαβόντα
1135 4157 1281 4230 μάρτυρας

180 4232 299 4291 ύπύσοοο
316 4233 445 4305 βούλοιτο
463 4235 510 4290 ἐπὶ
528 4241 592 4292 τοὺς
608 4242 858 4311 παραγενομένους,
876 4240 961 4313 λέγων
979 4240 1051 4309 αύτηῖ
1069 4242 1160 4312 (dativ.
1174 4248 1282 4309 comm.)
