2940 5026
1208 373 1246 436 17

184 551 312 628 patrum
337 542 398 614 Vl,
426 542 472 615 13,
499 542 579 605 1-9
604 541 658 605 W.
682 542 723 605 ab
747 541 930 623 antiquiore
952 541 1064 624 aliquo
1080 550 1215 605 auctore
1231 563 1287 605 ex·

184 645 351 729 carpsisse
373 655 524 728 apparet,
547 643 762 728 probabiliter
785 641 938 704 concludi
963 652 1089 725 potest,
1113 655 1180 706 tres
1196 644 1287 727 ipsas

185 746 343 809 orationis
368 758 480 829 partes
504 769 523 807 a
547 746 671 809 Corace
694 743 845 806 inductas
870 766 953 807 esse.
992 745 1152 830 Syriacus
1175 743 1287 809 Schol.

184 848 227 911 ad
264 848 416 932 Hermog.
451 845 543 909 στάσ.
567 846 623 915 IV,
648 846 709 908 575
737 848 897 923 γνωστέον
919 847 955 908 δε
980 882 1015 891 —-
1041 847 1147 929 inquit
1173 883 1207 894 -
1234 840 1285 910 ὅτι

184 946 240 1012 καὶ
262 946 370 1034 Κόραξ
395 946 413 1010 ὁ
436 947 657 1032 τεχνογράφος
679 948 724 1028 τῷ
746 949 803 1032 τῆς
835 946 1114 1018 καταστάσεως
1146 942 1287 1028 ὀνόματι

184 1053 338 1136 κέχρηται
369 1052 566 1135 προοίμια
594 1050 664 1111 τοῦ
690 1045 810 1126 λόγον
832 1046 903 1132 τήν
925 1047 1202 1113 κατάστασιν11
1226 1072 1287 1114 κα-

183 1151 269 1215 λῶν.
303 1152 523 1216 Anaximenes
545 1151 618 1234 ipse
642 1170 742 1232 quum
766 1149 936 1212 exordium
961 1150 1085 1235 pluries
1107 1154 1287 1238 προοίμιον

253 1321 286 1372 66
320 1318 507 1381 Κατὰσταυιν,
528 1321 584 1372 sire
602 1337 660 1371 earu
681 1318 931 1371 surrectionem
960 1318 999 1372 ad
1027 1320 1205 1375 dicendum
1230 1324 1287 1376 sive

184 1423 294 1458 eausae
313 1407 598 1458 constitutionem
621 1421 713 1461 vocas.
742 1421 805 1455 esse
825 1406 900 1474 quasi
920 1405 1058 1474 quoddam
1077 1409 1230 1479 προοίμιον
1247 1408 1288 1460 di·

184 1493 224 1544 xit
242 1491 375 1543 Maximus
404 1488 540 1542 Planudes
560 1485 719 1559 Προλεγόμ.
739 1481 778 1540 εἷς
795 1484 916 1556 εὑρέσεις
934 1490 968 1552 V,
988 1492 1048 1545 365.
1068 1493 1155 1545 Walz.
1185 1492 1286 1556 Quam-

185 1595 264 1648 quam
289 1579 359 1629 idern
387 1577 412 1628 iu
440 1575 532 1630 Sclrul.
553 1574 587 1625 ad
606 1571 696 1644 εὖρὲσ.
715 1572 749 1635 V,
769 1571 1130 1649 384πρυιιιάυιιιιιγορ
1150 1581 1287 1650 -inquit

185 1693 215 1705 -
234 1659 252 1729 ή
270 1658 464 1731 προδιήγησις,
481 1658 693 1712 κατάστασις
720 1657 736 1725 ή
766 1653 937 1725 διήγησις.
975 1660 1102 1713 Similiter
1118 1660 1286 1715 κατάστασιν

184 1748 255 1801 idern
273 1748 329 1799 fere
348 1744 421 1817 quod
441 1741 568 1815 διήγησιν
585 1763 648 1799 esse
673 1744 739 1797 dixit
766 1749 853 1795 Anou.
876 1744 967 1798 Schol.
992 1745 1027 1798 ad
1046 1745 1135 1815 είιρίο.
1156 1746 1214 1809 Vll,
1236 1748 1286 1798 719

184 1831 243 1884 W.:
261 1836 327 1900 περὶ
338 1827 530 1882 καταστάσεως
544 1824 626 1899 ἤγουν
643 1826 804 1899 διηγήσεως.
848 1827 926 1892 Quod
949 1829 971 1881 si
992 1832 1123 1900 quaeritur,
1143 1832 1206 1902 quid
1218 1833 1287 1885 iuter

184 1914 350 1967 κατάστασιν
368 1926 394 1967 et
419 1910 545 1982 διήγησιν
568 1916 699 1966 interesse
728 1915 859 1966 voluerint
887 1915 1022 1978 rhetores,
1051 1916 1192 1968 Ernestius
1220 1915 1285 1968 Lex.

185 2001 316 2054 Technol.
335 2019 362 2069 p.
382 2000 432 2048 175
454 1995 654 2048 ”κατάοτασιν”
681 2000 871 2066 interpretatur
897 2016 960 2049 esse
988 2001 1198 2062 ’'narrationem,
1226 2018 1285 2070 quae

184 2087 284 2156 aliquid
315 2086 378 2136 artis
403 2094 430 2136 et
455 2080 583 2153 ἐργασίας
601 2082 711 2144 habeat,
730 2079 857 2152 διήγησιν
879 2096 966 2135 auteur
986 2082 1071 2154 φιλήν
1096 2085 1153 2134 τῶν
1173 2082 1288 2136 πεπολι-

182 2173 320 2237 τευμένων
351 2168 476 2220 itesam
502 2185 533 2219 ex
564 2168 624 2220 loco
654 2168 763 2237 Sopatri
790 2168 917 2236 Διαιρίο.
946 2167 1081 2235 ξητημάτ.
1111 2169 1188 2232 Vlll,
1209 2171 1224 2221 3
1244 2189 1284 2240 sq.

186 2256 274 2312 Walz.
293 2256 411 2324 pessime
430 2254 573 2305 intellecto.
620 2253 681 2306 Hoc
700 2253 763 2306 dicit
782 2253 912 2322 Sopater:
930 2251 993 2305 τότε
1015 2257 1067 2325 γὰρ
1093 2252 1213 2322 μάλιστα
1236 2258 1287 2322 τήν

184 2337 328 2404 καλλίστην
356 2335 486 2407 ἐργασίαν
512 2336 677 2391 κατάστασις
697 2333 870 2399 ἐπιδείξεται,
898 2334 979 2399 ὅταν,
1007 2335 1043 2392 ὡς
1061 2338 1145 2407 ἔφην,
1174 2338 1220 2413 ἔχη
1239 2345 1286 2391 καὶ

185 2420 336 2488 διοικήσεις
354 2421 436 2476 τινοῖν
453 2419 582 2492 λυπηρῶν
612 2428 657 2473 καὶ
685 2419 837 2491 ἀπολογίαν
856 2420 913 2471 τοῖν
931 2419 1105 2490 ἐγκλημάτων
1124 2421 1288 2490 ἐσχηματισ-

182 2510 279 2575 μένην,
300 2504 424 2558 ἐναντίας
446 2503 551 2557 τούτων
574 2501 656 2573 ου’ίσης
673 2507 722 2573 τῆς
741 2502 893 2575 διηγήσεως
919 2511 965 2555 καὶ
989 2504 1075 2576 ψιλήν
1100 2507 1155 2557 τῶν
1172 2505 1287 2559 πεπολι-

183 2594 321 2659 τευμένων
339 2588 451 2656 ἐχούσης
477 2588 595 2651 ἔκθεσιν,
617 2593 632 2642 ἱ.
653 2610 675 2645 e.
693 2590 859 2643 noeaoeane
877 2594 1062 2644 tractationem
1090 2593 1173 2644 babet
1200 2594 1285 2645 inole-

184 2679 292 2729 stiarnm
320 2690 347 2727 et
375 2677 509 2728 crinrimnn
539 2676 736 2739 defensionem,
765 2687 858 2728 eontra
886 2692 916 2727 ea
936 2671 1062 2745 διήγησις
1081 2681 1180 2730 nudam
1198 2696 1286 2731 rernm

182 2763 379 2833 expositionem
399 2763 524 2814 continet.
563 2761 622 2813 Hoc
641 2764 703 2814 loco
723 2764 802 2833 igitur
814 2759 925 2813 eandem
940 2762 995 2814 fere
1009 2760 1175 2817 κατάποσις
1187 2765 1286 2817 habere

182 2846 286 2900 ridetur
305 2848 355 2898 rim
369 2857 396 2899 et
409 2847 641 2914 significationem,
661 2866 739 2918 quam
754 2845 823 2917 apud
838 2847 905 2897 alios
924 2844 1157 2915 προκατάστασις.
1193 2851 1225 2899 11
1228 2867 1285 2917 ρο·

180 2928 398 2985 κατάστασιν
424 2947 487 2981 esse
510 2925 696 2999 προδιήγηυιν
713 2933 728 2982 1.
753 2950 775 2983 e.
801 2932 960 2982 narrationis
989 2933 1215 3000 preeuunritionern
1244 2933 1286 2983 rel

183 3018 306 3088 praeriarn
327 3015 459 3085 quandam
471 3016 650 3067 narrationem
670 3014 769 3066 docent
787 3013 1017 3083 Hermogenes
1037 3020 1103 3082 περὶ
1122 3011 1283 3082 εὖρίς.τὸμ.

183 3099 219 3171 β]
240 3101 275 3152 111
301 3099 333 3152 81
354 3118 415 3170 sqq.
441 3099 543 3160 wala,
573 3099 707 3152 Pacilus
733 3099 831 3168 ῥητωρ.
851 3098 895 3158 111,
916 3100 963 3148 om
989 3098 1032 3150 W.
1057 3097 1197 3170 Dionys.
1223 3099 1285 3152 Hal.

185 3187 262 3238 Rbet.
281 3204 304 3237 c.
326 3186 384 3248 tlt,
404 3182 438 3237 d.'
477 3186 552 3237 Hane
570 3182 795 3256 προκατάστασιν
814 3201 829 3235 a
849 3183 1008 3254 ‹pribnsdaru
1029 3184 1080 3236 dici
1099 3180 1205 3252 ἔφοδον
1223 3203 1287 3256 pro·

185 3271 308 3323 habiliter
334 3271 427 3323 docuit
446 3271 475 3323 l..
495 3271 601 3341 Kayser
628 3271 663 3322 ad
688 3270 808 3322 Cornific.
836 3269 870 3321 ad
899 3269 1016 3322 llerenn·
1035 3289 1061 3340 p.
1081 3271 1132 3322 220
1150 3271 1176 3322 in
1196 3289 1217 3322 ν.
1237 3273 1287 3324 in·

185 3358 377 3409 sinuatione
404 3357 475 3426 expl.
502 3357 544 3408 cll.
574 3357 666 3425 Apsin.
689 3374 715 3426 p.
742 3355 802 3418 348,
830 3357 861 3406 12
885 3373 945 3426 sqq.
969 3355 1074 3408 Teubn.
1112 3356 1153 3408 Cf.
1178 3357 1288 3410 Maxim.

185 3441 299 3493 Planud.
319 3440 445 3512 Prolegg.
466 3441 498 3504 V,
518 3439 568 3493 366
588 3435 929 3510 111Ιο1τ.;ἔφοδὸςτεγάρ
952 3439 1026 3492 ἐστιν
1050 3437 1286 3510 ήπροθεραπειά

183 3527 308 3578 τουτέστι
325 3529 357 3577 τὸ
375 3528 528 3595 προοίμιον
544 3556 556 3568 -
573 3555 585 3567 -
612 3526 665 3580 Cic.
686 3527 720 3579 de
739 3526 786 3578 Or.
805 3526 825 3588 1,
844 3524 886 3586 20,
904 3525 939 3578 90
957 3526 1138 3578 insinuare.
1176 3526 1286 3588 Quintil.

185 3610 205 3662 1.
225 3610 324 3673 0.1V‚
348 3612 430 3673 1,12.
466 3609 524 3663 Nisi
544 3610 614 3664 forte
640 3614 678 3664 sic
703 3612 784 3663 statui
808 3628 823 3661 a
848 3611 904 3661 viro
924 3611 1007 3662 docto
1036 3618 1153 3679 poterat,
1181 3626 1288 3661 ornnem

184 3692 410 3766 προκατάσταοιν
426 3697 452 3747 in
472 3690 567 3763 ἐφόδῳ
586 3713 662 3757 esse,
681 3713 735 3747 non
756 3711 861 3746 omnem
880 3691 986 3760 ἔφοδον
1007 3694 1032 3745 in
1051 3691 1285 3762 προκαταστάσει.

182 3775 292 3846 Ἐφόδῳ
320 3781 376 3831 sive
403 3776 616 3848 προκαταλήψει
644 3779 754 3831 similent
783 3795 861 3830 usum
890 3778 962 3846 apud
990 3780 1182 3831 Anaximenem
1206 3779 1287 3831 babet

186 3858 457 3932 προκατάληψις
475 3880 514 3924 ea,
535 3881 592 3932 quae
612 3882 674 3933 pars
695 3863 797 3916 exordii
818 3873 868 3924 est,
891 3863 924 3915 ad
944 3864 1157 3918 benevolentiam
1177 3865 1287 3917 audien·

186 3949 251 3999 tium
279 3946 438 4016 captandam
463 3947 569 4000 idonea.
605 3947 645 4000 cf.
664 3951 752 4002 Anax.
772 3966 797 4018 p.
819 3947 878 4008 215,
897 3947 939 3999 30.
959 3947 1018 4012 218,
1038 3949 1071 4001 12
1089 3966 1132 4019 sq.
1161 3947 1289 4018 Spengel.

187 4031 222 4084 ad
240 4033 327 4084 Anax.
347 4031 527 4086 Cornmentar.
552 4051 578 4104 p.
603 4035 654 4086 223
677 4033 722 4097 (ad
742 4050 768 4102 p.
788 4033 831 4086 64.
850 4051 875 4085 ν.
898 4034 949 4101 10).
991 4035 1021 4088 In
1045 4033 1288 4105 progymnasmatis

185 4118 251 4171 haee
271 4118 401 4172 orationis
420 4135 483 4190 pers
501 4115 712 4190 προκατασκευή
731 4119 835 4174 dieitur.
872 4119 913 4173 cf.
930 4119 990 4173 Ind.
1010 4118 1099 4172 Wala.
1119 4136 1142 4170 s.
1160 4135 1184 4169 v.

1119 4203 1135 4252 2
