2940 5026
1193 417 1238 495 ω

194 608 197 612 ’
222 595 257 680 ο)
281 592 432 657 Maleficii
456 591 586 655 delatus
611 611 682 653 sum
706 590 898 674 (κακοῦργος
919 586 1283 668 ίνδεδειγμένος),οοῃ,

244 693 521 779 quemadmodum
544 692 736 776 oportebat,
759 688 926 753 homicidii
949 699 1134 751 accusatus.
1178 687 1279 750 Male·

244 797 339 859 ficum
365 816 503 858 menon
528 815 612 866 esse,
636 802 847 855 accusatores
871 790 933 874 ipsi
959 790 1068 852 testati
1087 788 1279 872 sunt¹⁶.§9.

223 898 255 984 b)
278 897 466 969 Perhibent,
490 895 613 958 caedem
639 894 830 956 maleficium
854 913 943 963 esse,
966 891 999 954 id
1025 891 1115 975 quod
1141 913 1202 975 ego
1228 890 1280 953 vel

246 1000 383 1062 maxime
406 996 563 1068 conced0,
588 994 648 1058 sed
673 994 762 1080 leges
780 994 821 1056 de
838 993 889 1055 his
902 995 1001 1056 rebus
1021 994 1104 1056 latas
1123 991 1281 1055 consude-

245 1101 364 1166 runtU.
388 1099 493 1162 Litem
517 1119 582 1161 aere
605 1097 683 1160 mihi
707 1097 919 1160 aestimarunt.
943 1094 960 1177 ξ
990 1095 1036 1158 10.

185 1222 388 1234 -.-—-—-

181 1273 228 1322 καί
245 1298 258 1311 -
275 1298 287 1311 -
305 1264 474 1339 ἐξαίρετα
492 1263 619 1332 εἶναιτῷ
638 1260 717 1332 δήμῳ
736 1293 746 1306 -
766 1295 777 1303 -
794 1268 840 1314 καί
856 1261 957 1317 ταύτας
976 1260 1182 1336 ἐξαιρέτους
1202 1262 1282 1316 εἶναι.

182 1355 250 1426 §12
267 1352 314 1404 νύν
330 1352 381 1420 μὲν
399 1350 447 1403 ούκ
464 1348 716 1420 ἐπάναγκες--
741 1346 805 1400 τότε
832 1343 856 1398 δ’
875 1346 1078 1418 ἐπάναγκες.
1124 1350 1191 1419 §13
1210 1351 1285 1400 τοί·

181 1457 240 1492 ννν
256 1468 268 1480 -
284 1466 296 1479 -
313 1438 441 1489 τοίνυν.
478 1435 492 1504 ξ
515 1436 545 1487 19
562 1432 718 1500 νενικήκασι
733 1463 745 1477 -
762 1461 774 1475 ·
793 1430 948 1500 μαχόμενοι
959 1462 971 1474 -
982 1432 1104 1487 -ἐνίκων
1118 1433 1283 1502 μαχόμενοι.

183 1523 252 1592 §32
268 1519 315 1573 νύν
333 1511 380 1571 ούν
396 1549 408 1561 -
424 1526 498 1572 -καί
516 1519 563 1571 νύν
580 1549 592 1562 -
609 1549 621 1561 -
639 1520 702 1571 τούς
720 1516 775 1569 νύν.
812 1517 859 1586 §t
891 1515 920 1568 ἐν
947 1517 1031 1592 ταύτῃ
1059 1519 1093 1592 τῇ
1124 1514 1219 1591 εἰρήνη
1245 1548 1257 1560 -
1273 1547 1286 1561 ·

185 1604 234 1660 διὰ
262 1603 365 1672 ταύτην
391 1609 441 1672 τήν
469 1600 590 1674 εἰρήνην.
610 1622 649 1656 or.
669 1603 692 1654 H
712 1603 726 1671 S
747 1602 780 1653 24
798 1600 827 1653 ἐν
844 1601 879 1675 τῇ
896 1599 989 1676 γνώμη
1012 1632 1024 1644 ·
1040 1633 1052 1645 ·
1076 1602 1180 1677 γνώμη.
1218 1605 1232 1673 ξ
1253 1606 1286 1657 10

183 1693 262 1762 γνούς
288 1719 300 1731 -
317 1718 329 1730 -
347 1687 432 1758 ἔγνων
453 1718 466 1731 -
483 1718 495 1730 -
519 1688 611 1758 ἔγνων.
649 1687 749 1756 or.1§
770 1686 803 1738 26
824 1689 942 1739 σωθέντι
966 1690 1004 1754 μή
1031 1683 1125 1740 δοκεῖν
1147 1689 1220 1755 κακῷ
1244 1719 1256 1732 -
1274 1719 1286 1732 -

183 1780 230 1827 καί
254 1769 347 1825 δοκεῖν
365 1770 429 1840 ύμῖν
452 1769 524 1824 εἶναι
545 1774 583 1840 μή
603 1770 696 1827 κακός.
734 1772 747 1841 §
769 1772 801 1823 56
821 1767 882 1823 ούτε
900 1773 972 1839 μετὰ
989 1774 1086 1827 κακίας
1103 1802 1116 1815 ·
1132 1801 1144 1815 -
1165 1769 1197 1824 ού
1213 1776 1286 1841 μετὰ

184 1860 291 1913 κακίας.
311 1859 343 1911 al.

258 1944 290 1995 16
327 1943 376 2012 §9
402 1942 553 2013 κακοῦργος
579 1939 783 2012 ἐνδεδειγμένος
812 1941 898 2012 φόνου
931 1939 1010 2010 δίκην
1034 1940 1135 2012 φεύγω.
1172 1943 1213 1994 Ex
1234 1944 1285 1996 hoc

185 2033 248 2085 loco
268 2029 392 2082 concludi
411 2029 512 2098 possit,
532 2045 603 2091 eum,
624 2030 667 2098 qui
687 2028 786 2080 caedem
806 2027 982 2088 commiserit,
1009 2045 1068 2079 cum
1093 2029 1143 2081 alio
1168 2029 1287 2080 facinore

186 2134 242 2170 non
261 2115 443 2185 ccrrjunctam,
463 2116 487 2165 in
506 2109 663 2182 κακούργων
681 2131 790 2166 numero
816 2132 869 2166 non
898 2112 983 2165 suisse
1010 2113 1190 2176 referendum,
1218 2132 1286 2184 prae·

187 2201 278 2254 sertim
298 2218 378 2271 quum
397 2199 479 2251 addat
499 2211 601 2250 orator:
620 2196 637 2249 d
655 2194 746 2252 οὐδεὶς
762 2196 870 2250 πώποτ’
889 2198 979 2251 ἔπαθε
990 2198 1046 2250 τῶν
1059 2198 1088 2251 ἐν
1100 2199 1135 2272 τῇ
1144 2198 1178 2271 γῇ
1190 2197 1286 2272 ταύτῃ.

187 2287 234 2340 Sic
253 2303 283 2339 sc
302 2304 345 2339 res
365 2287 463 2338 hebere
486 2284 596 2337 videtur.
634 2285 794 2344 Accusator,
822 2303 902 2354 quum
930 2303 977 2355 per
1005 2303 1145 2356 apagogen
1175 2304 1233 2346 reo,
1260 2297 1288 2336 ut

186 2369 339 2442 κακούργῳ,
360 2371 429 2423 diem
459 2371 585 2431 dixisset,
614 2379 702 2421 tamen
731 2370 802 2439 apud
827 2370 934 2439 jndices
959 2373 996 2434 tin
1015 2372 1075 2441 ipsa
1094 2373 1165 2440 apud
1181 2370 1287 2439 judices

189 2458 323 2522 oratione)
344 2456 377 2508 de
397 2456 469 2508 caede
489 2467 591 2507 tuntum
611 2454 691 2505 rerba
711 2454 811 2507 faciens
831 2470 858 2507 ut
878 2459 904 2508 in
924 2459 1011 2524 φονέα
1030 2458 1101 2508 litem
1130 2472 1288 2525 persecurus

189 2549 241 2595 est.
278 2541 446 2593 Causabatur
474 2542 551 2601 enim,
568 2540 600 2590 τὸ
621 2535 794 2590 ἀποκτείνειν
812 2541 883 2609 μέγα
903 2539 1080 2610 κακούργημα
1101 2541 1126 2608 (ξ
1149 2543 1189 2603 tc)
1218 2557 1290 2591 esse.

189 2625 279 2690 Quare
299 2627 418 2678 arbitrari
437 2626 511 2686 licet,
529 2626 554 2674 in
575 2623 664 2674 libello
686 2627 855 2677 accusatorio
876 2626 974 2677 dictum
988 2643 1064 2690 esse,
1083 2628 1144 2678 idco
1165 2627 1198 2678 ab
1219 2626 1289 2678 Helo

189 2710 356 2764 interfectum
377 2728 439 2763 esse
459 2709 608 2770 Herodem,
637 2720 665 2761 ut
692 2711 860 2763 intersertum
880 2712 960 2764 rebus
980 2713 1036 2764 suis
1056 2713 1193 2783 spoliaret.
1230 2710 1290 2774 Qua

188 2812 270 2847 causa
289 2794 513 2866 κακουργήματος
531 2797 553 2847 si
573 2795 716 2847 cecidisset
738 2808 888 2859 accusator,
908 2807 934 2848 at
958 2815 1022 2866 spes
1045 2811 1114 2859 erat,
1134 2797 1223 2849 denuo
1239 2794 1292 2864 φύ-

187 2899 235 2932 νοσ
255 2883 375 2932 accusari
394 2898 479 2949 posse
498 2897 584 2940 reum3
610 2898 663 2948 quo
692 2881 764 2931 furto
793 2882 819 2932 id
847 2889 949 2932 tuntum
979 2882 1011 2932 eb
1040 2896 1197 2932 accusatore
1226 2899 1291 2932 con·

189 2966 261 3018 tendi
282 2976 427 3035 oportere,
456 2966 488 3016 ab
508 2965 576 3016 Helo
596 2965 763 3016 interfectum
776 2982 839 3017 esse
858 2964 1004 3016 Herodem.
1041 2965 1101 3016 Hoc
1122 2967 1203 3016 ruodo
1215 2968 1293 3035 igitur

190 3050 257 3103 dues
278 3050 312 3102 de
331 3067 383 3102 una
402 3066 485 3101 causa
497 3051 616 3101 fecerent
629 3051 824 3101 accusationes.
855 3048 894 3102 Cs.
914 3049 944 3118 ἕξ
960 3051 999 3102 16.
1012 3050 1053 3101 85.
1090 3051 1148 3103 Νεο
1168 3051 1292 3103 Reiskius

192 3154 219 3207 p.
239 3136 298 3197 706,
317 3152 366 3187 nec
380 3126 513 3188 'Maetzner
532 3154 557 3204 p.
577 3135 628 3186 200
647 3151 701 3186 rem
722 3145 794 3187 recte
813 3137 1003 3205 interpretatus
1024 3136 1127 3189 ridetur
1146 3154 1209 3189 esse

263 3222 297 3272 17
334 3221 348 3290 ξ
370 3221 402 3271 10
432 3225 501 3289 φασὶ
523 3217 553 3272 δὲ
580 3211 614 3271 αύ
630 3217 663 3272 τό
688 3239 718 3272 τε
743 3217 915 3274 ἀποκτείνειν
933 3223 1003 3290 μέγα
1022 3219 1200 3291 κακούργημα
1224 3217 1295 3272 εἶναι

192 3309 238 3356 καὶ
257 3303 309 3375 dyc)
329 3302 454 3375 ὁμολογῶ
472 3302 601 3375 μέγιστόν
618 3324 657 3374 γε.
696 3306 757 3358 Vox
772 3298 807 3359 αὖ
822 3308 847 3361 h.
867 3308 882 3358 Ι.
902 3325 955 3359 non
975 3294 1072 3360 idonee
1092 3308 1201 3361 ridetur.
1239 3307 1294 3358 luto

193 3408 257 3444 vero
277 3391 419 3460 legendum
437 3391 555 3442 fortusse
575 3405 630 3442 est:
651 3396 719 3458 pact
738 3388 768 3444 δὲ
787 3389 892 3445 σύτοί
910 3396 1004 3445 τετὸ
1024 3391 1197 3446 ἀποκτείνειν
1221 3389 1295 3453 nst„

195 3477 236 3528 cui
255 3475 405 3546 respondet
422 3482 468 3527 καὶ
487 3474 539 3546 ἐγώ
554 3472 611 3527 κτλ.
650 3475 679 3528 In
699 3478 743 3540 iis,
772 3495 830 3548 ηοω
858 3481 979 3549 proxime
1008 3480 1182 3541 antecedunt,
1202 3477 1296 3529 adrer-

196 3563 325 3615 sariorum
346 3564 533 3615 contentiones
563 3563 594 3614 ad
625 3579 700 3614 suam
728 3580 783 3615 rem
813 3573 982 3616 converterat
1010 3577 1117 3624 orator,
1144 3565 1169 3614 in
1192 3561 1233 3613 his
1254 3577 1299 3622 ee,

196 3666 254 3718 quae
273 3650 396 3703 dixerunt
414 3650 463 3708 illi,
481 3650 517 3699 ira
537 3647 571 3698 ed
590 3664 666 3698 snam
685 3649 757 3699 litem
777 3649 917 3709 transfert,
945 3659 974 3698 ut
1002 3648 1131 3708 nunriis,
1161 3663 1219 3716 quae
1239 3647 1297 3714 ipsc

196 3734 294 3804 probat
322 3743 348 3784 et
376 3733 527 3793 confirmat,
555 3748 587 3783 ea
614 3741 759 3801 comparet.
806 3731 906 3784 Contra
933 3748 965 3783 ea
992 3732 1017 3783 in
1037 3732 1050 3799 §
1071 3731 1104 3782 16
1123 3731 1211 3783 verbis
1232 3727 1300 3781 ἔλων

197 3814 221 3868 d'
238 3809 273 3868 αύ
290 3834 353 3870 vere
372 3818 508 3887 oppositio
529 3816 690 3886 exprimitur.

270 3927 302 3938 -
330 3899 463 3953 ἐνταυθοῖ
479 3897 650 3966 πεποιήκασι
668 3901 719 3966 τήν
737 3901 828 3970 κρίσιν
846 3897 926 3973 ε’ντῇ
945 3896 1045 3971 ἀγορᾷ.
1082 3902 1114 3954 G.
1135 3901 1300 3953 A·Hir·schi·

197 3985 258 4056 gius
286 3987 311 4037 in
340 3985 435 4038 Phiiol.
454 3984 509 4050 IX,
529 3984 579 4036 734
609 3983 685 4036 ”dele
709 4014 740 4023 -
764 3985 848 4055 inquit
870 4016 894 4022 —
919 3982 947 4036 ἐν
963 3983 997 4057 τῇ
1017 3984 1106 4057 ἀγορᾷ
1122 3984 1195 4057 quod
1215 3985 1301 4052 gloss.

199 4078 244 4123 est
269 4067 318 4121 τού
346 4067 488 4124 ε’νταυθί.”
533 4073 570 4125 At
596 4069 740 4123 videndum
764 4081 819 4135 est,
838 4089 872 4124 ne
891 4068 971 4144 ἐντῇ
989 4069 1077 4141 ἀγορᾷ
1095 4071 1301 4142 epexegesis

200 4155 236 4206 sit
263 4158 339 4208 vocis
362 4153 503 4210 ἐνταυθοῖ.
542 4156 669 4211 Similiter
695 4174 794 4210 nomen
823 4174 883 4210 cum
911 4157 1104 4227 prepositione
1132 4154 1302 4224 conjunctum
