2940 5026
1122 389 1163 456 23

108 559 162 624 111.
175 560 210 646 a)
233 559 344 624 Mirari
379 581 416 624 se
450 557 544 634 dicit,
578 557 670 643 quod
694 557 795 624 frater
817 558 908 643 pium
931 581 1005 624 esse
1029 561 1207 627 arbitratus

174 662 218 725 sit
251 660 396 738 efficere,
429 672 466 724 nt
494 672 597 725 mater
619 683 659 724 nc
683 660 863 735 damnetur,
886 682 985 744 quum
1008 663 1081 748 ipse
1104 663 1207 728 multo

175 764 278 847 magis
300 763 434 846 impium
457 762 577 825 habeat
598 773 724 847 patrem
748 763 855 825 sinere
866 763 1005 826 inultum
1012 763 1132 848 jacere.
1148 764 1207 848 §b

154 864 185 949 b)
210 865 326 947 Neque
339 886 417 928 vero
429 864 560 946 -inquit
571 899 584 912 ·
596 863 705 928 dicere
732 864 855 948 poterit
870 885 962 940 reue,
975 887 1011 928 se
1024 866 1128 951 probe
1145 868 1207 930 sci·

175 987 227 1039 re,
250 965 330 1049 quid
353 964 475 1029 factum
498 967 549 1029 sit.
594 965 719 1030 Servos
743 967 826 1029 enim
850 967 882 1029 in
906 967 1121 1050 quaestioncm
1138 966 1208 1030 dari

176 1067 290 1130 noluit.
314 1065 378 1147 Qui
395 1068 423 1130 si
438 1068 522 1130 inter
537 1067 746 1150 quaerendum
758 1077 951 1150 negassent,
964 1090 1076 1132 verum
1092 1091 1143 1132 me
1160 1068 1207 1132 di·

175 1190 264 1244 cere,
287 1170 347 1232 rite
363 1191 399 1232 se
417 1168 460 1233 ad
478 1167 721 1232 defendendum
738 1190 774 1232 re
790 1169 961 1252 explorata
976 1169 1049 1254 ipse
1061 1170 1208 1255 accinge·

175 1283 224 1334 ret
246 1270 449 1353 faceretque,
472 1281 509 1333 ut
532 1269 588 1333 illa
610 1270 751 1333 criminis
774 1270 1012 1335 absolveretur.
1036 1271 1210 1354 §li-7⁸².

154 1372 184 1458 c)
207 1372 290 1452 Quae
324 1380 432 1435 tamen
460 1392 561 1454 quum
592 1370 639 1434 ita
671 1393 737 1434 non
761 1373 842 1447 sint,
865 1371 946 1456 quid
969 1373 1047 1436 mihi
1069 1394 1207 1458 respon·

177 1474 288 1539 debit?
320 1475 356 1538 In
391 1471 624 1558 cognoscendo
648 1472 951 1538 condemnationem
975 1495 1049 1539 esse
1072 1475 1126 1539 isti
1148 1497 1209 1560 pu·

177 1585 301 1651 tarunt,
324 1577 356 1639 in
380 1572 563 1659 ignorando
587 1574 735 1638 salutem.
758 1574 776 1657 5
799 1575 891 1639 8-9.

157 1677 192 1762 d)
214 1678 339 1742 Servos
362 1697 475 1738 eorum
498 1674 530 1738 in
554 1676 770 1758 quaestionem
792 1675 874 1759 ipsis
897 1677 1114 1760 praesentibus
1131 1675 1207 1741 ferri

179 1778 284 1852 volni,
318 1800 359 1841 ne
392 1776 472 1861 qnid
506 1797 525 1838 a
557 1797 608 1839 me
635 1776 828 1862 interrogari
851 1786 992 1861 possent
1013 1790 1135 1861 praeter
1157 1799 1210 1853 es,

178 1901 252 1963 quae
285 1880 318 1942 iu
344 1878 456 1943 libello
479 1877 699 1942 accusationis
723 1879 852 1962 scripsi.
895 1878 1111 1943 Recusarunt.
1156 1878 1210 1942 Ex

176 1980 243 2044 hoc
265 1981 339 2064 ipso
363 1977 585 2064 colligandum
608 1989 673 2051 est,
696 2001 747 2042 me
771 2001 882 2043 verum
906 1978 1039 2044 dixisse.
1063 1978 1207 2058 Quodsi

176 2082 221 2144 illi
246 2080 288 2144 de
311 2081 416 2145 servis
440 2079 542 2164 quaeri
566 2081 766 2154 volnissent,
790 2100 852 2164 ego
875 2091 984 2144 autem
1007 2102 1210 2154 recusarem,

177 2182 253 2246 inde
276 2182 321 2245 illi
345 2183 554 2266 colligerent,
579 2203 628 2244 me
652 2182 758 2265 culpae
780 2203 872 2245 reum
895 2203 978 2246 esse.
1003 2184 1112 2266 Atque
1122 2182 1210 2245 idern

180 2306 265 2348 nunc
289 2306 350 2369 ego
374 2283 416 2347 de
439 2283 503 2346 illis
527 2283 657 2367 colligo.
681 2282 699 2365 ξ
725 2281 859 2345 tlt-12.

157 2386 186 2472 e)
209 2385 382 2470 Indignum
414 2404 494 2447 sane
525 2382 664 2454 videtur,
688 2381 780 2466 quod
805 2404 866 2446 vos
889 2383 935 2446 illi
959 2393 1092 2470 rogant,
1114 2395 1151 2448 ut
1173 2406 1210 2448 se

179 2485 378 2559 absolvatis,
400 2505 493 2548 suam
517 2484 580 2568 ipsi
604 2507 736 2548 causam
761 2507 802 2548 ex
824 2483 944 2549 indicio
974 2495 1210 2550 tormentorum

180 2587 352 2674 dijudicari
375 2587 500 2651 nolunt.
523 2585 540 2668 ξ
568 2585 614 2669 12.
856 2663 859 2668 1

148 2690 184 2777 f)
207 2690 355 2774 Apparet
376 2687 484 2772 igitur,
508 2708 573 2771 qua
596 2687 722 2750 ratione
746 2685 835 2752 ducti
859 2687 1076 2772 quaestionem
1098 2689 1145 2751 illi
1161 2709 1211 2750 re·

179 2791 375 2854 cusaverint.
420 2787 489 2853 Sed
516 2811 592 2863 vos,
611 2787 759 2874 judices.
782 2809 849 2852 rem
873 2790 1002 2873 planam
1025 2789 1160 2854 facietis.
1193 2787 1212 2872 ᾖ

189 2893 236 2956 13.
255 2929 290 2940 -
308 2889 368 2976 τὴν
389 2887 522 2954 εὔνοιαν
546 2888 836 2976 παρασκευάζεθαι
847 2890 885 2953 ⁸⁸.

116 3031 163 3066 rus
182 3020 237 3072 est,
256 3009 385 3080 proponit
403 3016 430 3060 et
445 3007 552 3076 judices
573 3007 607 3059 ud
626 3006 786 3060 audiendum
805 3007 928 3076 impellit,
946 3016 976 3059 ut
994 3008 1097 3061 illorum
1110 3008 1213 3061 miseri·

116 3096 235 3150 cordium
255 3109 363 3147 movere
381 3093 449 3147 velle
467 3093 595 3146 videatur.
631 3090 721 3155 Quare
740 3091 791 3144 hoc
810 3085 849 3146 sic
865 3093 898 3144 τὸ
920 3094 1068 3164 προσέχειν
1088 3099 1214 3164 παρακα-

113 3178 171 3234 λεῖν
187 3181 214 3233 iu
231 3172 365 3246 αἶτὴματι
385 3179 441 3232 sive
460 3173 555 3245 δεήσει
573 3186 623 3231 est.
664 3177 704 3232 Cl'.
723 3179 801 3230 etium
825 3181 911 3230 Anax.
937 3177 1058 3242 229,15.
1085 3177 1213 3249 Spengel.

115 3267 293 3320 commentar.
313 3283 338 3334 p.
358 3263 417 3317 244.
1017 3309 1019 3312 ⁴

185 3351 220 3404 82
255 3350 285 3402 ln
304 3349 318 3418 ξ
340 3351 355 3400 7
373 3351 428 3402 haec
446 3349 582 3418 leguntur:
599 3349 659 3404 noir
673 3341 797 3421 cdvnepl
815 3345 928 3411 τούτων,
950 3337 973 3400 ὦ
990 3344 1211 3412 δικάζοντες,

113 3431 197 3487 αὐτὸν
215 3427 287 3488 εἰκὸς
305 3426 418 3496 εἰδέναι,
437 3438 504 3504 περὶ
523 3425 561 3485 ὦν
576 3452 606 3504 γε
621 3437 672 3502 τήν
683 3431 819 3500 ἀλήθειαν
829 3431 878 3486 οὐκ
890 3430 1003 3503 εἴληφες
1023 3435 1102 3488 Certe
1121 3434 1212 3486 Balteo

114 3520 242 3585 (Scholic.
261 3519 438 3589 Hypomnem.
457 3517 476 3581 Ι,
496 3519 548 3572 210
565 3523 617 3588 sq.)
637 3520 837 3573 assentiendum
857 3530 913 3582 est,
936 3520 1093 3572 offensionis
1114 3517 1213 3588 aliquid

116 3605 248 3658 vocabulo
268 3595 291 3655 ὦ
313 3599 472 3667 δικάζοντες
491 3604 626 3657 inherere.
672 3604 729 3657 Sed
756 3604 831 3674 quod
859 3604 903 3656 ille
931 3623 980 3674 pro
1009 3595 1031 3654 d
1054 3599 1213 3666 δικάζοντες

115 3687 199 3742 αὐτόν
216 3691 267 3760 legi
287 3691 342 3742 vult
360 3685 660 3755 αὖτοχεδιάζοντα
678 3689 721 3754 (”1.
740 3707 764 3742 e.
783 3698 884 3742 temere
907 3699 934 3741 et
956 3706 1007 3742 suo
1031 3698 1115 3740 marte
1142 3686 1214 3738 lacta

117 3776 300 3845 lingentem”),
327 3790 430 3835 vereor,
456 3783 486 3825 ut
512 3790 602 3825 verum
621 3776 663 3826 sit.
709 3776 750 3826 Ac
773 3773 897 3843 prolecto
916 3771 957 3834 id,
984 3773 1057 3844 quod
1076 3772 1214 3842 Antiphon

117 3861 176 3929 ipse
195 3861 312 3930 scripsit,
329 3875 385 3911 non
404 3857 480 3910 lacile
499 3858 532 3910 ud
546 3859 745 3928 assequendum
764 3859 919 3928 conjecturs
937 3865 986 3912 est.
1023 3858 1086 3912 Mihi
1107 3858 1214 3930 quidem

117 3946 174 3997 visu
184 3945 328 4015 aliquando
339 3953 382 3996 est
397 3941 512 3995 formula
531 3933 553 3994 ὦ
571 3938 670 4013 ἄνδρες
679 3938 808 3996 δικασταί
824 3961 874 4014 per
888 3961 1004 3997 errorem
1019 3961 1035 3997 a
1048 3945 1155 3998 librario
1166 3942 1213 3995 ali·

117 4048 171 4102 quo
182 4032 285 4084 inverse
296 4031 398 4100 scripta
412 4027 785 4083 ΩΔΙΚΑΟΤΑΙΑΝΔΡΕΟ
794 4029 926 4082 vocabulo
937 4025 1218 4082 ΩΔΙΚΑΖΟΝΤΕΟ

117 4117 226 4187 originis
246 4117 473 4187 opportunitatem
492 4116 648 4187 prebuisse.

183 4199 219 4254 8³
254 4201 294 4254 (ll.
313 4203 435 4256 Anaxint
452 4200 512 4266 228,
530 4203 566 4255 29
584 4219 645 4273 sqq.
664 4201 724 4264 215,
743 4203 759 4253 3
777 4219 838 4274 sqq.
874 4200 904 4254 In
922 4202 972 4254 hac
990 4196 1120 4271 prooemii
1137 4207 1214 4270 parte
