2940 5026
1199 399 1240 464 73

241 589 292 632 me
327 589 368 632 ex
392 567 562 631 maritimis
590 567 744 652 perieulis
768 575 801 639 et
823 567 1075 652 tempestatibus
1098 579 1281 644 servarunt,

247 671 323 754 quia
347 669 427 733 nihil
450 669 599 754 improbe
622 689 641 732 a
663 690 714 732 me
736 668 858 732 factum
882 690 956 732 esse
969 667 1165 752 videbant.§
1181 669 1283 736 137-

251 771 320 835 139.
344 779 492 857 σημεῖον.

222 870 423 952 ἐπίλογος.
450 870 470 955 §
496 870 674 936 lto-150.
875 937 881 944 ,

180 972 203 1035 Ι.
249 972 416 1036 Bonorum
434 973 518 1058 jam,
542 971 770 1045 Athenienses,
786 969 930 1033 virorum
949 971 1185 1038 laudcmfcrtis
1206 997 1284 1060 pro-

245 1071 321 1157 pter
343 1095 430 1144 earn,
454 1093 551 1157 quam
573 1067 741 1135 intervos
765 1072 1051 1146 reconciliavistis,
1073 1075 1210 1161 gratiam
1233 1100 1283 1142 re·

243 1196 380 1259 rumque
403 1182 478 1238 ante
501 1182 645 1236 actarum
669 1172 876 1237 oblivionem.
928 1171 988 1237 cui
1020 1175 1111 1240 laudi
1145 1200 1185 1242 ne
1215 1179 1279 1264 ipsi

249 1276 428 1361 quidquam
452 1273 649 1350 detrahatis,
672 1274 876 1358 eandemque
899 1273 942 1338 de
964 1297 1014 1339 me
1028 1278 1213 1360 opinionem
1227 1281 1288 1345 ha·

246 1378 361 1452 beatis,
384 1398 481 1462 quam
505 1374 546 1440 de
569 1375 749 1460 majoribus
773 1376 869 1449 meis,
893 1376 950 1460 qui
972 1378 1120 1442 maximis
1145 1401 1206 1444 vos
1228 1382 1285 1446 be·

246 1478 369 1543 neficiis
393 1476 617 1543 affeceruntw.
642 1475 661 1561 §
689 1476 864 1540 140-143.
876 1475 962 1564 πρός
973 1478 1098 1561 φιλίαν.
1117 1480 1164 1544 Cf.
1176 1482 1282 1547 Anax.

249 1579 321 1656 222,
343 1581 382 1645 31
408 1600 482 1663 sqq.
506 1577 578 1652 233,
605 1577 651 1642 18.
675 1575 747 1651 236,
776 1577 814 1641 31
841 1598 914 1662 sqq.
959 1579 1040 1644 Haeo
1063 1581 1195 1667 epilogo
1219 1605 1285 1647 non

249 1702 463 1746 annumerare
500 1679 632 1743 videtur
665 1678 819 1764 Spengel.
853 1678 896 1744 ad
929 1681 1034 1745 Anax.
1068 1682 1288 1748 Commentar.

182 1885 221 1949 11.
246 1882 382 1963 Qualem
412 1906 463 1947 me
487 1883 608 1953 civem,
632 1882 659 1945 si
682 1881 759 1946 mihi
785 1880 939 1974 incolumi
963 1905 1038 1946 esse
1061 1885 1171 1957 liceat,
1194 1885 1287 1951 habi-

248 1987 313 2050 turi
336 1987 418 2060 sitis,
442 1983 552 2048 videte
564 1983 602 2046 ⁷¹.
624 1982 643 2067 §
670 1984 846 2048 144-145.
864 1983 950 2069 πρός
967 1983 1073 2071 χάριν.

183 2086 239 2152 ΙΙΙ.
252 2085 340 2166 Quid
363 2086 441 2149 mihi
465 2095 632 2158 noceatur,
648 2083 676 2146 si
696 2081 905 2160 condemner,
919 2086 1168 2173 considerate.§
1184 2089 1284 2155 146-

252 2190 321 2254 150.
344 2186 429 2273 πρὸς
449 2185 591 2250 &locust

272 2288 354 2369 Quae
385 2289 417 2354 iu
450 2286 678 2365 δικαιολογοόνν
713 2308 848 2350 numero
881 2285 1064 2353 referendae
1094 2305 1172 2355 sunt
1193 2293 1285 2358 Anti-

185 2390 321 2476 phontis
355 2388 388 2453 et
420 2387 603 2452 Andocidis
639 2388 821 2461 orationes,
855 2390 1017 2473 expositae
1041 2389 1285 2478 descriptaeque

180 2491 249 2576 jam
273 2498 357 2553 sunt.
403 2488 457 2552 Ad
479 2487 683 2573 δημηγορίας
705 2494 919 2552 transeamus.

187 2592 243 2655 De
271 2612 324 2654 or.
347 2588 399 2663 II,
428 2610 515 2674 quae
546 2596 608 2652 est
643 2587 692 2651 de
713 2588 848 2673 ipsius
877 2590 916 2653 in
939 2591 1114 2675 patriam
1137 2593 1287 2658 reditu.

272 2684 389 2756 Habita
414 2692 520 2755 oratio
544 2701 596 2754 est
619 2689 670 2753 01.
684 2689 772 2754 XClI
796 2689 825 2765 3,
848 2689 866 2754 i.
891 2712 933 2763 e..
956 2713 983 2755 a.
1007 2713 1034 2756 a.
1059 2691 1134 2757 Chr.
1158 2717 1187 2758 n.
1210 2695 1284 2760 410.

184 2791 376 2856 Andocides
400 2803 575 2876 postquam
600 2791 670 2854 sive
693 2791 825 2854 crimine
850 2789 891 2853 de
914 2794 1079 2876 mysteriis
1103 2794 1198 2857 elatis
1220 2818 1286 2859 non

187 2895 268 2957 satis
293 2904 453 2977 purgatus
477 2894 547 2955 sive
569 2892 601 2953 in
624 2889 745 2953 indicio
769 2890 886 2952 civium
911 2890 1017 2972 culpae
1041 2895 1212 2956 convictus
1240 2894 1288 2957 in-

186 2993 282 3059 famia
306 3002 439 3057 notatus
463 3001 530 3064 est,
553 2988 692 3054 Athenis
716 2991 756 3071 (a.
779 2989 854 3070 415)
882 2988 1018 3062 relictis,
1041 3012 1140 3074 quum
1164 2991 1287 3056 frustra

186 3097 229 3160 ad
253 3096 390 3179 patriam
424 3092 531 3158 redire
560 3097 601 3171 (a.
625 3089 700 3172 412]
723 3098 862 3152 conatus
887 3099 991 3163 esset,
1015 3089 1124 3154 denuo
1147 3100 1188 3170 (a.
1211 3094 1287 3177 410)

258 3264 292 3317 70
327 3266 345 3328 ἕ
365 3265 416 3318 142
435 3294 446 3305 -
466 3293 478 3303 -
496 3255 722 3327 Λακεδαιμόνιοι
740 3256 860 3328 ἔγνωσαν
877 3254 953 3325 ὅμως
969 3256 1033 3312 τότε
1052 3258 1151 3332 ἐχθροὶ
1168 3255 1291 3317 ἰόντες·-

186 3350 282 3404 Poseit
304 3350 418 3403 forsitan
445 3349 540 3418 aliquis
568 3344 715 3414 conjicere,
733 3345 875 3416 legendum
903 3361 967 3397 esee
984 3341 1209 3414 Λακεδαιμόνιοι
1225 3344 1289 3400 τότε

190 3433 290 3506 ἐχθροὶ
308 3431 384 3489 όντετ
401 3432 477 3502 ὅμως
496 3432 614 3503 ἔγνωσαν
632 3460 643 3474 -
658 3460 684 3482 -.

257 3519 290 3572 71
327 3521 345 3585 ἕ
365 3521 416 3573 144
435 3537 475 3589 eq.
495 3516 591 3571 ἔπειτα
610 3512 641 3568 δὲ
660 3520 705 3568 nul
726 3517 791 3585 βίον
813 3508 984 3586 εἰργασάμην
1001 3513 1031 3566 ἐκ
1047 3514 1097 3565 τοῦ
1117 3509 1235 3574 δικαίου,
1254 3511 1290 3585 τῇ

187 3602 281 3679 γνώμῃ
300 3609 346 3657 καὶ
367 3606 432 3658 τοῖν
447 3605 542 3675 χεροῖν
566 3603 629 3654 ταῖν
657 3597 790 3668 ε’μοοτοό·
820 3599 862 3651 ἔτι
878 3596 909 3651 δὲ
927 3595 983 3650 κτλ.
1026 3597 1061 3650 Et
1079 3598 1161 3650 verba
1179 3609 1206 3649 et
1225 3614 1288 3651 seu·

188 3692 272 3744 tentia
289 3690 428 3760 postulare
446 3690 559 3745 videtur,
588 3695 616 3738 ut
642 3687 699 3738 haec
718 3686 875 3737 restituatur
894 3681 1023 3732 orationis
1043 3681 1127 3734 series
1148 3689 1175 3734 et
1193 3698 1291 3751 perpe-

189 3776 285 3827 tuitaet
304 3802 316 3812 ·
335 3802 346 3812 ·
364 3775 427 3824 τοῖν
447 3769 575 3839 ἐμαυτοῦ,
598 3769 627 3838 [ss
647 3768 708 3837 145]
727 3764 840 3820 πολλοῖς
859 3761 1051 3835 συγγενόμενον
1068 3769 1115 3816 καὶ
1131 3792 1143 3807 -
1159 3794 1172 3807 -
1188 3794 1201 3808 ·
1219 3761 1290 3818 όπου

190 3856 225 3911 όν
241 3857 271 3909 ἐν
287 3855 376 3927 καιρῷ
394 3875 423 3909 τι
439 3852 503 3924 ὑμῖν
520 3856 658 3924 γίγνηται·
679 3853 708 3923 [5
730 3852 789 3921 141]
808 3850 850 3904 ἔτι
870 3845 901 3902 dl
920 3842 1016 3901 εἰδότα
1031 3849 1083 3918 μὲν
1098 3844 1159 3902 οἷόν
1171 3847 1292 3902 ἐστικ-

192 3941 375 4008 ὶντιστόμενον
392 3937 416 3994 δ’
436 3936 497 3994 οἷον
511 3941 544 3991 τό
563 3933 724 4010 ἁμαρτόντα
736 3931 844 4008 πρᾶξαι
854 3933 954 3989 κακῶς.
979 3934 1008 4003 [5
1031 3935 1089 4005 146]
1102 3927 1178 4000 Ἔχει
1190 3929 1220 3989 δὲ
1231 3933 1290 3995 κτλ,

264 4029 297 4079 72
333 4025 413 4090 Quod
438 4026 472 4079 H.
497 4025 529 4078 G.
556 4023 776 4095 Hauptmaunus,
805 4021 839 4075 dc
866 4019 1009 4074 Andocide
1036 4021 1111 4076 Oret.
1129 4024 1184 4071 Art.
1203 4038 1223 4072 c
1242 4020 1291 4075 lv,

191 4131 217 4184 p.
233 4113 288 4165 562
306 4112 348 4166 ed.
368 4111 457 4167 Reisk.
476 4111 555 4165 Tom.
575 4107 653 4172 Vlll,
680 4107 748 4162 hauc
776 4107 924 4161 orationem
952 4123 986 4160 ex
1014 4106 1119 4161 duabus
1148 4106 1290 4161 conflatam
