2940 5026
312 402 353 467 78

308 570 340 659 b)
363 568 452 649 Quid
465 591 506 633 ex
518 589 599 653 pace
610 567 696 632 facta
708 566 896 652 respublica
908 566 1092 651 perceperit
1104 565 1251 630 utilitatis
1260 567 1295 630 ⁷³.
1306 563 1325 651 §
1333 566 1363 630 7.

309 672 338 737 3.
362 672 396 761 a)
421 671 469 734 De
492 670 580 733 bello
605 669 779 755 Megarico.
804 669 824 754 §
847 670 878 734 8.

309 774 341 860 b)
364 771 452 852 Quid
476 793 516 834 cx
539 757 623 855 pace
643 769 730 834 fecta
753 771 874 834 civitati
898 768 1062 834 affluxerit
1085 768 1360 854 commodi.§8·-

331 874 360 938 9.
383 873 639 957 παραδείγματα.
664 871 710 936 Cf.
735 873 880 936 Ananim.
905 870 977 945 221,
1005 873 1018 934 1
1045 892 1096 953 sq.

332 975 412 1039 Haec
437 975 684 1058 παραδείγματα
706 974 823 1036 similia
852 987 929 1035 sunt
951 967 1132 1055 ἀπαγγελίᾳ
1154 971 1198 1043 ei,
1223 970 1265 1034 de
1300 992 1364 1054 qua

336 1075 486 1160 disputat
507 1075 655 1139 Anaxim.
679 1073 750 1146 220,
779 1075 816 1138 10
840 1093 912 1156 sqq.

269 1195 309 1260 Il.
334 1192 433 1274 Quod
457 1192 625 1265 dixerunt,
648 1191 827 1255 novissima
840 1212 920 1275 pace
932 1212 1004 1254 cum
1017 1189 1276 1254 Lacedaemoniis
1289 1190 1367 1253 inita

337 1296 414 1358 illos
449 1292 578 1376 triginta
604 1293 693 1355 viros
718 1293 900 1363 exstitisse,
924 1291 1089 1356 falluntur.
1134 1291 1204 1354 lllae
1225 1290 1367 1355 induciae

334 1407 440 1467 erant,
463 1395 534 1458 haec
556 1416 623 1479 pax
646 1397 714 1459 erit.
760 1394 831 1457 Pax
854 1394 1042 1478 reipublicae
1055 1394 1152 1457 saluti
1167 1401 1231 1463 est.
1245 1393 1366 1456 bellum

334 1498 442 1562 exitio.
466 1496 485 1580 §
512 1496 644 1560 10-12.
667 1492 856 1584 ἀνάμνησις.
881 1494 1069 1583 ἐνθύμημα.
1087 1493 1367 1581 ἐνθυμηματώδης

334 1596 479 1684 τελευτή.

270 1717 325 1783 ΠΙ.
341 1719 367 1782 1.
391 1716 511 1780 Dicunt
534 1714 681 1800 quidam,
703 1735 840 1780 necesse
864 1737 938 1778 esse
961 1716 1082 1779 bellum
1106 1735 1228 1800 gerere.

313 1818 348 1907 a)
372 1819 458 1882 Inter
481 1838 594 1880 omnes
618 1825 763 1890 constat,
786 1816 861 1881 ideo
885 1815 1008 1880 bellum
1031 1837 1106 1880 esse
1127 1815 1315 1901 gerendum,
1328 1824 1364 1877 ut

335 1928 393 1984 eut
414 1918 549 2002 injurias
583 1916 692 1980 illatas
714 1916 779 2000 ipsi
802 1916 1006 1991 ulciscamur,
1030 1927 1086 1980 aut
1108 1917 1180 1980 eliis
1204 1937 1301 2000 opem
1323 1914 1369 1978 fe·

335 2041 454 2085 ramus.
479 2017 498 2103 §
525 2019 571 2083 13.
594 2015 714 2105 γνώμη.
827 2045 829 2048 ·

314 2122 346 2208 b)
371 2121 470 2204 Atqui
504 2141 523 2182 a
550 2119 807 2183 Lacedaemoniis
831 2141 884 2183 res
909 2120 1064 2202 repetitas
1089 2118 1262 2191 habemus,
1286 2117 1370 2181 Boc·

336 2223 412 2285 otiis
442 2220 565 2304 placuit
598 2241 712 2302 pacem
744 2219 860 2282 facere.
905 2217 995 2297 Quid
1023 2219 1123 2302 igitur
1145 2216 1368 2301 bellamus?§

339 2321 378 2391 13
401 2329 483 2382 extr.
501 2356 535 2368 -
558 2319 605 2382 15.
628 2312 812 2400 ἀναγκαῖον.
875 2372 878 2379 ,

312 2422 342 2510 c)
364 2419 569 2502 παλιλλογία.
592 2417 758 2507 ἐρώτησις.
783 2419 802 2505 1
830 2421 876 2486 16.

313 2523 343 2587 2.
367 2523 577 2587 Communem
612 2524 828 2606 omnibusque
852 2520 1023 2587 fruendam
1048 2543 1160 2607 pacem
1184 2543 1284 2606 penes
1308 2541 1370 2583 vos

336 2634 400 2698 est,
425 2623 658 2697 Athenienses,
682 2644 805 2706 parcre.
826 2610 859 2672 ζ-
875 2621 983 2687 καλόν.
1001 2658 1041 2672 -

316 2725 350 2811 a)
374 2721 551 2802 Quomodo
585 2722 823 2787 Lacedaemonii
848 2745 960 2808 pacem
976 2712 1121 2788 iecerint
1135 2722 1162 2762 ²⁹
1178 2720 1255 2806 -§
1290 2722 1366 2785 17-

343 2825 442 2889 19-

316 2927 349 3013 b)
371 2924 541 3011 quomodo
565 2925 693 2991 Boeotii
715 2966 744 2975 -
766 2923 785 3009 ᾖ
808 2925 849 2991 20
859 2894 907 2989 J..
952 2886 958 2894 μ’

343 3179 377 3232 78
415 3180 428 3250 ξ
448 3180 464 3232 7
484 3178 553 3233 ὥστε
569 3181 683 3252 πρῶτον
699 3179 751 3248 μὲν
769 3176 797 3232 ἕν
812 3175 921 3234 τούτοις
939 3180 998 3235 ταῖς
1020 3179 1136 3232 ἔτεσιν
1155 3169 1298 3245 εἰρήνην
1315 3175 1371 3231 λα-

272 3259 394 3332 βόντες
422 3262 606 3334 ἀνηνέγκαμεν
627 3262 701 3331 χίλια
718 3261 837 3316 τάλαντα
864 3258 904 3319 εἰς
920 3268 971 3332 τήν
988 3259 1149 3335 ἀκρόπολιν.
1188 3260 1222 3313 V.
1240 3260 1371 3333 λαβόντες

273 3346 290 3398 1.
309 3340 423 3416 εἰρήνην
440 3351 546 3402 criticos
567 3349 685 3402 offendit.
722 3348 777 3401 Sed
797 3366 884 3419 noque
903 3350 1089 3402 emendatione
1102 3358 1182 3418 egent
1195 3357 1241 3401 eut
1260 3342 1373 3420 εἰρήνην

274 3440 320 3484 aut
336 3427 485 3501 λαβόντας,
505 3450 592 3504 neque
620 3450 710 3486 verum
738 3433 802 3486 vidit
830 3433 972 3496 Luzacius,
1000 3452 1080 3505 quum
1109 3450 1150 3503 ap.
1178 3433 1255 3488 Slnit.
1274 3453 1301 3505 p.
1324 3435 1372 3486 136

273 3516 408 3587 vulgatum
426 3519 584 3588 scripturam
603 3519 642 3571 sic
661 3519 887 3588 interpretandam
907 3530 1013 3572 censet:
1030 3520 1108 3571 ”cum
1128 3536 1176 3587 per
1192 3520 1263 3572 istos
1284 3535 1370 3573 annos

274 3618 369 3672 pacem
389 3605 588 3673 accepissemus
608 3614 799 3675 acceptamque
817 3621 1017 3666 servassemus,
1036 3621 1085 3657 sen
1098 3621 1164 3675 pecc
1178 3614 1288 3674 accepta
1302 3605 1372 3658 fruiti

273 3687 421 3741 essemus.”
457 3688 514 3742 Irno
533 3707 597 3743 vero
617 3708 651 3743 ex
668 3688 990 3742 ETEOHVEJPHNHN
1003 3707 1066 3743 vera
1083 3689 1163 3755 lectio
1183 3690 1312 3743 elicienda
1329 3700 1372 3743 est

273 3773 341 3826 hcc:
358 3772 699 3830 ETBOIAIEIPHNHN.
736 3773 804 3827 Nem
824 3771 897 3826 ἔτεσι
916 3770 950 3827 δι’
970 3767 1304 3843 εἶρηνην1αραῃάυιαεες.
1333 3775 1373 3827 Cf.

274 3856 290 3926 ξ
309 3857 325 3908 8
343 3852 388 3908 ὅτι
408 3852 465 3909 διὰ
483 3856 585 3926 ταύτην
601 3861 652 3926 τήν
670 3853 783 3930 εἰρήνην
800 3855 989 3925 ἑπτακισχίλια
1004 3859 1057 3927 μὲν
1067 3855 1187 3911 τάλαντα
1203 3861 1373 3928 νομίσματος

276 3933 317 3997 εἷς
332 3942 383 4008 τὴν
401 3936 553 4011 ἀκρόπολιν
571 3940 763 4014 ἀνηνέγκαμεν.

347 4043 380 4097 79
416 4043 431 4114 ξ
451 4042 484 4097 18
501 4040 657 4110 νενικήκασι
674 4047 727 4117 γὰρ
746 4041 804 4098 uel..
840 4045 881 4099 De
899 4045 952 4098 hoc
970 4045 1031 4097 loco
1051 4042 1244 4116 disputavimus
1264 4044 1298 4098 ad
1318 4049 1373 4098 An·

277 4130 341 4200 tiph.
361 4129 396 4195 V,
412 4128 439 4185 8.
457 4137 547 4184 annot
569 4129 608 4181 15.
793 4146 796 4151 ·
