2940 5026
182 1226 235 1332 ln
268 1288 386 1352 inagna
409 1265 467 1330 illa
489 1275 540 1331 tot
573 1276 804 1354 tantorumque
827 1271 1025 1356 scriptorum
1048 1275 1145 1358 copia
1168 1285 1202 1339 et
1224 1297 1279 1339 va·

181 1375 312 1443 rietate‚
345 1390 412 1454 qua
441 1366 575 1431 Graecas
599 1369 710 1433 literas
734 1371 902 1435 abundare
925 1382 1072 1450 constat,
1094 1374 1185 1440 haud
1209 1377 1279 1441 scio

182 1495 224 1538 au
247 1473 328 1537 nulli
351 1471 491 1535 animum
514 1469 652 1554 legentis
669 1483 726 1535 aut
741 1472 852 1535 subtili
869 1476 1102 1540 sententiarum
1120 1477 1282 1562 elegantia

182 1576 336 1640 allectum
359 1573 482 1637 diutius
506 1581 638 1634 teneant
661 1583 716 1634 aut
740 1574 909 1658 multiplici
932 1597 1039 1639 rerum
1059 1578 1210 1641 ubertate
1227 1600 1281 1642 oc·

181 1684 338 1761 cupatum
361 1674 527 1738 delectent
549 1672 774 1738 vehementius
798 1696 895 1760 quam
917 1677 1017 1740 Attici
1037 1677 1207 1742 Oratores.
1230 1678 1281 1744 Si-

182 1799 223 1842 ve
247 1777 331 1841 enim
354 1786 543 1860 spectamus
567 1795 620 1849 ea,
643 1776 772 1858 quaein
795 1798 830 1839 re
853 1780 986 1863 publica
1008 1778 1096 1842 facta
1118 1788 1211 1856 sunt,
1226 1801 1281 1845 res

182 1878 299 1964 populi
320 1879 362 1942 ab
384 1877 552 1941 historicis
575 1877 776 1960 perscriptas
800 1879 892 1943 velut
914 1903 932 1944 e
954 1881 1135 1966 longinquo
1159 1902 1282 1967 cogno·

180 1980 320 2054 scimus
343 1980 384 2042 ab
408 1978 596 2041 oratoribus
619 1977 711 2039 velut
733 1979 838 2042 oculis
860 1982 1027 2067 subjectas
1042 1982 1206 2046 intuemur
1222 2005 1282 2046 nec

181 2081 291 2167 legere
315 2080 416 2163 magis
441 2079 607 2142 orationes
631 2098 743 2141 eorum
766 2100 863 2162 quam
880 2083 995 2145 audire
1011 2082 1105 2144 nobis
1124 2081 1281 2146 videmur.

180 2181 231 2246 Ac
261 2202 387 2254 mores,
421 2181 588 2253 instituta,
617 2179 736 2242 victum
760 2182 950 2265 cultumque
973 2193 1118 2245 veterum
1142 2183 1170 2245 si
1192 2183 1282 2260 inve·

181 2284 304 2367 stigare
337 2282 501 2366 cupimus,
536 2301 577 2343 ea
606 2281 713 2343 omnia
736 2282 767 2343 in
792 2283 995 2346 orationibus
1020 2304 1147 2355 eorum,
1171 2283 1282 2367 quiin

182 2385 413 2449 certaminibus
438 2382 560 2446 versari
584 2381 673 2444 soliti
696 2392 775 2445 sunt
798 2382 1073 2469 disceptationum
1088 2383 1282 2461 forensium,

183 2508 248 2550 uon
272 2496 337 2550 tarn
360 2483 501 2548 dicendo
525 2491 674 2545 enarrata
690 2482 839 2547 videmus
856 2507 953 2569 quam
968 2506 1127 2569 expressa
1142 2485 1281 2570 agendo.

165 2586 260 2655 ‘Sive
283 2585 325 2649 ad
349 2606 532 2649 sermonem
557 2597 723 2646 oratorum
748 2594 780 2647 et
803 2585 980 2670 eloquendi
1003 2585 1192 2650 facultatem
1214 2588 1282 2650 ani·

182 2709 269 2751 mum
291 2686 509 2761 advertimus,
534 2686 587 2747 vix
610 2684 742 2748 aliunde
765 2685 963 2750 luculentius
987 2696 1139 2773 apparet,
1162 2707 1227 2770 qua
1249 2689 1282 2751 in

182 2787 281 2852 laude
305 2789 415 2874 lingua
438 2789 606 2870 literaeque
629 2783 820 2850 Graecorum
842 2787 1007 2872 ponendae
1030 2789 1104 2853 sint.

271 2889 331 2952 His
366 2910 427 2974 ego
458 2888 500 2951 de
526 2886 634 2951 causis
659 2886 825 2969 quemad
849 2889 1098 2951 oratoresillos
1122 2889 1282 2975 legendos

184 3013 234 3054 me
268 2989 491 3062 conferebam,
527 2986 702 3049 tuminter
726 2986 898 3069 legendum
922 2988 1021 3051 adid
1046 2989 1283 3053 maximenon·

184 3090 407 3176 templandum
436 3088 612 3161 invitabar,
640 3085 719 3169 quid
743 3088 884 3171 quisque
907 3109 1020 3151 eorum
1042 3087 1084 3152 ad
1109 3089 1282 3154 dicendum

183 3213 225 3257 ex
258 3206 327 3255 arte
362 3199 394 3254 et
416 3191 541 3253 ratione
566 3186 716 3252 deferret.
761 3187 817 3253 Sic
838 3200 946 3252 autem
969 3189 1154 3255 sentiebant
1177 3190 1283 3255 Graeci

183 3305 329 3365 veteres,
352 3302 403 3367 ut,
427 3291 577 3375 quisquis
599 3291 632 3353 in
655 3291 845 3354 concionem
870 3292 985 3376 populi
1008 3293 1133 3357 veniret
1155 3303 1211 3356 aut
1233 3291 1283 3355 fo·
1355 3334 1358 3348 1

184 3417 254 3458 rum
289 3394 477 3479 attingeret,
510 3404 580 3456 arte
615 3413 687 3455 eum
717 3405 750 3456 et
773 3392 922 3457 doctrina
945 3394 1139 3458 instructum
1161 3393 1204 3458 ad
1226 3394 1284 3457 illa

183 3495 341 3562 accedere
363 3494 414 3560 fas
439 3517 514 3559 esse
536 3494 780 3559 arbitrarentur.
825 3494 949 3560 Verum
973 3496 1105 3581 quidem
1129 3505 1194 3568 est,
1219 3517 1283 3557 non

184 3600 306 3673 omnia,
330 3619 404 3682 quae
427 3597 469 3661 ad
494 3598 557 3661 vim
581 3596 711 3660 dicendi
736 3598 932 3681 pertineant,
956 3613 1025 3662 arte
1049 3607 1082 3661 et
1110 3595 1284 3679 disciplina

183 3699 419 3786 comprehendi
442 3699 574 3783 pessel.
619 3697 753 3761 Indoles
772 3699 855 3761 enim
871 3699 914 3762 ad
930 3699 1013 3762 bene
1029 3696 1202 3762 dicendum
1218 3718 1283 3760 ma·

184 3820 383 3835 Μ

258 3866 1284 3938 ΜΝΜΜΜΜΗΜΜΜῷΜᾰΜΜΜ

184 3953 227 4006 via
244 3964 301 4016 est,
320 3965 347 4007 et
365 3955 391 4006 in
411 3970 464 4023 qua
482 3953 565 4004 multa
583 3955 661 4005 etiam
682 3953 740 4004 sine
761 3952 883 4006 doctrina
902 3966 1039 4024 praestare
1064 3953 1163 4007 debeat
1186 3969 1235 4022 per
1253 3969 1284 4004 se

184 4038 246 4111 ipsu
263 4049 370 4104 natura,
390 4048 419 4091 nt
437 4039 517 4101 haec,
536 4038 570 4092 de
590 4039 685 4109 quibus
706 4038 772 4103 dixi,
791 4058 846 4092 non
865 4049 919 4092 tam
938 4041 1045 4094 inventa
1067 4039 1283 4110 epraeceptori-

183 4125 236 4260 bps
256 4142 348 4195 quam,
367 4142 426 4178 cum
445 4124 551 4189 fierent,
576 4125 720 4179 observata
739 4143 802 4180 esse
820 4125 966 4181 videantur.
1009 4124 1048 4179 Cs.
1068 4123 1122 4179 Cic.
1142 4123 1176 4176 de
1195 4122 1240 4176 Or.
1258 4123 1284 4187 Ι,

184 4209 228 4270 2,
246 4209 305 4265 109.
