2940 5026
1186 363 1226 427 57

215 534 239 616 ²)
263 533 374 598 Simile
408 531 486 616 quid
520 531 686 617 Ephialtae
709 530 843 605 accidit,
876 541 908 595 et
932 552 1034 616 puero
1058 530 1186 595 cuidam
1211 532 1270 596 do·

238 636 314 699 mini
348 636 409 729 sui
432 632 649 706 interfectori,
687 641 719 696 et
742 633 848 697 Sosiae
871 632 926 696 uni
951 655 991 695 ex
1016 633 1272 698 Helleuotamiis.

238 743 254 815 S
277 736 414 800 68-70.
431 773 470 783 -
488 735 744 820 παραδείγματα.
765 771 798 781 -

216 837 240 918 ³)
266 836 375 914 Quare
410 836 622 900 differendum
652 835 828 920 judicium,
863 835 940 898 dum
963 847 1077 920 aperta
1101 835 1144 900 sit
1166 837 1272 922 res.§

177 937 566 1101 Vlltssaoe‘rssfflfendimr
589 1036 608 1121 §
632 1038 767 1102 74-80.

239 1139 320 1202 Haee
341 1141 445 1224 patris
471 1138 620 1202 defensio
647 1141 691 1202 ite
715 1149 830 1202 exacta
854 1139 985 1205 videtur
1008 1163 1083 1204 esse
1106 1142 1148 1205 ud
1172 1151 1274 1205 artem

241 1255 273 1306 et
295 1253 476 1328 praecepta,
499 1252 549 1312 ut,
574 1241 722 1324 quamvis
747 1241 789 1303 sit
813 1263 889 1325 pars
914 1243 1015 1306 totius
1040 1244 1274 1317 orationis‚ta·

241 1365 328 1416 men,
352 1343 381 1405 si
404 1364 462 1426 per
485 1363 521 1404 se
546 1342 781 1416 consideretur,
804 1344 835 1405 in
860 1367 896 1407 se
919 1346 993 1427 ipsa
1016 1356 1086 1408 tota
1101 1357 1134 1409 et
1149 1346 1275 1429 integra

243 1443 393 1529 quaedam
417 1444 460 1507 sit
481 1444 580 1527 inque
603 1455 715 1528 partes
738 1445 811 1528 ipsa
835 1445 1006 1530 disposita.
1053 1446 1136 1526 Quae
1160 1468 1272 1531 quam·

243 1568 341 1630 quam
375 1567 416 1608 ex
449 1545 658 1608 Anaximenis
692 1548 868 1630 praeceptis
898 1546 1041 1622 ἐξέτασις
1063 1570 1129 1610 uon
1153 1547 1275 1611 diserte

244 1649 307 1712 diei
331 1655 457 1733 potest,
480 1644 626 1722 ἐξετάσει
649 1658 755 1711 tamen
780 1670 843 1710 non
867 1647 1036 1711 dissimilis
1061 1658 1121 1712 est.

225 1753 251 1815 1.
274 1750 502 1836 προοίμιον.
532 1747 551 1832 6
586 1749 721 1812 74-75.
745 1747 918 1834 πρόθεσις,
945 1748 1031 1835 πρὸς
1055 1747 1196 1814 εὔνοιαν.
1218 1747 1277 1814 ἐπὶ

244 1851 281 1915 τὸ
304 1854 489 1937 προσέχειν.
535 1848 582 1913 Cf.
607 1851 710 1914 Anax.
734 1873 764 1934 p.
789 1851 859 1924 230,
888 1852 923 1914 19
947 1872 1021 1934 sqq.

222 1955 250 2018 2.
273 1954 489 2037 βεβαίωσις
511 1950 678 2034 (ἐξέτασις)
715 1950 751 2014 ἐκ
787 1953 927 2016 δυνατοῦ
963 1950 1018 2015 καὶ
1039 1953 1177 2016 δικαίου.
1218 1951 1277 2027 Ea,

245 2076 319 2139 quae
342 2063 420 2117 sunt
442 2053 646 2128 narrationis
670 2053 906 2117 confirmationi
929 2053 1074 2118 admixta
1098 2063 1184 2118 sunt.
1207 2053 1277 2138 §76

290 2158 331 2222 78
345 2156 380 2218 ³⁴.

222 2260 250 2323 3.
273 2255 471 2336 ἐπίλογος.
505 2250 695 2341 ἀνάμνησις.
725 2243 777 2336 εὖ,
814 2257 919 2329 κακῶς
946 2257 1124 2320 διαθεῖναι.
1161 2257 1278 2343 προαί-

243 2375 341 2446 ρεσις.
365 2356 384 2441 §
407 2359 543 2421 79-80.

180 2458 315 2527 Vltro}
339 2453 408 2522 απὸ
431 2459 496 2521 τῶν
517 2460 607 2522 θεῶν
630 2466 776 2545 σημεῖα
799 2457 965 2539 γενόμενα.
990 2457 1009 2542 6
1032 2458 1170 2523 81-84.

222 2562 249 2641 ¹)
272 2560 448 2624 Incolumis
472 2559 642 2645 profectus
666 2582 736 2624 sum
751 2560 787 2623 ³⁵.
811 2560 883 2645 §St
898 2559 981 2624 -83,
1005 2597 1036 2607 -
1058 2560 1220 2644 μαρτυρία
1242 2596 1275 2607 -

180 2732 297 2784 siderate
317 2731 384 2800 agit,
409 2746 467 2799 quae
494 2731 573 2782 verba
594 2731 616 2782 si
635 2731 789 2794 retinentur,
815 2747 869 2783 non
896 2732 959 2784 inde
983 2738 1096 2801 propter
1114 2749 1153 2782 vv.
1172 2726 1281 2798 ἀφανής

182 2813 256 2868 ἔστιν
274 2815 340 2867 effici
360 2813 482 2883 ejusdem
495 2817 616 2869 vocabuli
636 2818 812 2878 iterationem,
831 2817 915 2885 quivis
934 2817 1012 2869 facile
1032 2817 1167 2886 perspicit.
1198 2816 1279 2868 Aliud

182 2901 250 2953 enim
270 2908 326 2960 est,
344 2899 476 2950 hominem
496 2918 549 2952 non
570 2919 711 2971 apparere,
731 2901 815 2962 eliud,
835 2917 894 2952 eum
913 2902 1055 2954 interiisse.

252 2984 286 3035 34
322 2983 336 3052 §
358 2983 390 3034 76
409 2977 471 3035 οὕτε
488 2986 540 3053 γὰρ
560 2982 680 3037 ἐκλιπεῖν
699 2988 751 3051 τήν
767 2981 848 3036 πόλιν
866 2980 990 3053 siponeis
1004 2980 1076 3049 εἶχεν
1089 2979 1178 3049 αὗτῷ·
1199 2978 1280 3036 ἱκανοὶ

181 3072 234 3140 γὰρ
256 3059 290 3137 ἦν
307 3071 341 3121 τὰ
361 3065 474 3138 ἐνέχυρα
491 3067 510 3120 δί
528 3069 642 3134 εἴχετο
666 3065 783 3129 αὐτοῦ,
807 3063 1066 3120 alterutrorum
1086 3069 1121 3118 τδ
1138 3065 1278 3138 χρήματα.

181 3157 344 3226 Maetznerp.
359 3154 409 3224 235
423 3154 509 3206 derv.
527 3153 545 3204 δι’
563 3154 652 3219 εἴχετο
670 3151 764 3207 αὐτοῦς
784 3153 867 3205 ’'sntis
886 3153 954 3204 enim
974 3153 1057 3203 multe
1070 3165 1144 3205 erant
1159 3156 1281 3224 pignore,

182 3260 240 3312 quie
267 3241 301 3292 lbi
328 3270 361 3279 -
388 3237 471 3292 αὐτοῦ
490 3240 624 3310 Mytilenis
646 3271 676 3283 -
697 3239 879 3293 tenebuntur.”
923 3238 980 3291 Iino
1009 3256 1086 3291 vero:
1116 3241 1182 3292 satis
1211 3241 1279 3292 enim

182 3328 264 3380 multe
283 3327 394 3396 pignore
418 3343 478 3378 enm
501 3323 604 3390 (αὐτοῦ)
621 3325 695 3378 firme
717 3326 845 3379 tenebant
862 3324 983 3391 (εἴχετο).
1020 3324 1090 3377 Nam
1109 3322 1225 3390 ἕχεσθοὶ
1240 3344 1281 3377 τι·

181 3429 243 3473 νοτ,
264 3412 389 3482 aliquid
408 3412 501 3465 firme
521 3421 649 3474 tenere,
667 3413 871 3466 usitatissimum
886 3412 956 3482 apud
969 3413 1084 3464 Atticos.
1105 3409 1172 3463 Plut.
1191 3409 1280 3464 Plied.

184 3497 240 3550 100.
259 3496 283 3548 l)
311 3497 367 3549 101.
386 3496 418 3551 1).
437 3497 469 3550 el.
507 3498 612 3551 Balteus
632 3499 721 3551 Schol.
741 3499 877 3569 Hypomn.
889 3497 909 3560 1,
929 3499 980 3550 214
999 3497 1104 3557 fallitur,
1123 3513 1203 3564 quum
1217 3494 1281 3547 dicit

183 3583 339 3636 eBekkero
367 3593 498 3636 retentum
527 3601 590 3636 esse
618 3585 788 3637 Reiskienum
808 3583 871 3636 illud
891 3583 987 3647 εἴχετε.
1025 3582 1124 3633 Contra
1144 3597 1176 3632 ee
1193 3579 1218 3632 iu
1239 3579 1281 3632 ed.

182 3668 264 3720 Bell.
285 3668 373 3733 εἴχετο
393 3669 496 3738 legitur.

254 3751 287 3804 35
323 3752 391 3816 §81
412 3751 563 3819 τοῦτομὲν
578 3755 613 3804 τὰ
632 3745 671 3805 εἷς
696 3753 760 3804 τοὺς
784 3744 923 3804 κινδύνους
949 3745 1051 3814 ἥκοντα
1067 3746 1149 3800 τοῖτο
1171 3745 1201 3801 δὲ
1229 3743 1280 3804 εἷς

182 3841 219 3892 τδ
236 3835 289 3900 ἔξω
311 3837 368 3890 τῶν
393 3831 533 3888 κινδύνοιν.
581 3835 686 3888 Bekker
712 3835 889 3904 posteriorem
920 3835 1137 3905 praepositionem
1167 3829 1229 3898 eir,
1252 3844 1281 3889 ut

183 3925 252 3977 mele
280 3925 435 3994 repetitam,
463 3921 574 3973 seclusit
602 3938 715 3991 eumque
742 3921 864 3991 sequitur
881 3920 1012 3974 Mutzner.
1050 3921 1154 3975 Turius.
1175 3934 1201 3974 et
1219 3921 1280 3977 Cer.

183 4010 297 4063 Mueller
314 4011 428 4062 retinent
447 4000 506 4060 εἷς.
544 4009 584 4059 Ae
603 4008 693 4078 possit
710 4006 823 4060 forsitan
849 4007 903 4062 hee
922 4025 975 4060 vox
994 4007 1115 4070 retineri,
1133 4027 1211 4079 quam
1241 4009 1281 4062 sie

184 4097 310 4166 explicari
337 4103 460 4166 oportet,
487 4103 515 4144 nt
542 4093 624 4146 τοῦτο
644 4088 674 4145 δὲ
693 4087 732 4148 εἷς
748 4095 783 4146 τδ
805 4110 855 4164 pro
873 4091 955 4145 τοῦτο
975 4088 1005 4145 δέ
1023 4094 1063 4145 τὰ
1082 4087 1130 4148 εἰς
1148 4095 1188 4145 τὰ
1207 4095 1280 4165 posi·

184 4191 238 4234 tum
259 4183 370 4234 dicatur.
408 4181 447 4234 t‘f.
467 4180 565 4250 Krueg.
586 4179 633 4233 Gr.
652 4180 698 4232 Gr.
718 4180 736 4243 1,
756 4178 797 4244 58,
817 4182 841 4244 3,
863 4180 882 4231 1.
