2940 5026
1224 400 1265 466 37

137 606 139 610 >
233 567 447 649 dedecuere
484 565 560 650 (τῶν
594 587 745 653 κατηγορ.
799 568 1014 672 defletum
1046 570 1123 648 (τῶν
1158 593 1309 660 κατηγορ.

191 649 304 733 λύσις).
328 652 346 736 §
368 653 483 716 4—10.
756 673 811 715 και
833 653 969 732 auctor.
995 651 1109 737 λύσις).
1132 655 1150 740 5
1172 657 1265 722 3-8.

128 742 174 803 ³4·
192 753 215 816 1.
260 752 460 816 Defensionc
475 752 620 816 accusati
632 773 670 815 su
698 775 747 815 er·
758 754 781 816 1.
824 753 858 901 q?
887 753 954 817 Iste
983 757 1134 820 concedit
1159 779 1212 832 ea,
1236 781 1310 843 quae

259 834 376 901 sedere
399 860 546 923 possum,
562 837 623 902 sed
635 774 747 902 viden·
848 839 913 902 ieta
947 850 1032 914 sunt,
1057 863 1134 904 vora
1157 865 1247 920 esse,
1270 844 1312 909 de

260 922 338 986 dum
361 936 428 993 est.
451 947 491 987 ne
510 924 610 988 filium
632 925 746 987 mortis
821 922 1033 988 interfectore
1056 937 1164 991 autern
1181 939 1313 994 contro·

260 1007 454 1073 voluntariae
483 1009 671 1073 damnatum
701 1010 746 1071 vi·
826 1018 987 1072 versatur.
1011 1009 1030 1094 §
1053 1011 1082 1075 3.

166 1131 173 1145 ·
259 1090 363 1157 deam.
408 1093 458 1158 Eo
488 1095 571 1158 enim
600 1093 747 1158 audaciae
801 1093 832 1182 d)
857 1092 1086 1178 Conqueritur,
1117 1097 1207 1183 quod
1231 1119 1312 1187 puer
1330 1102 1441 1175 β8.γ4;5.

257 1179 423 1261 processit
434 1201 526 1250 reus,
539 1190 576 1244 ut
591 1181 632 1243 ab
648 1181 746 1243 inter·
823 1179 875 1242 sui
908 1178 1014 1264 ipsius
1048 1181 1241 1247 interfector
1263 1205 1314 1247 ar·

257 1263 383 1328 sectore
424 1264 629 1329 interfectum
671 1287 747 1329 esse
822 1276 949 1349 guntur,
966 1265 1026 1330 sed
1043 1290 1108 1331 non
1120 1267 1163 1332 cd
1176 1290 1223 1342 ea,
1237 1289 1312 1353 quae

257 1371 394 1448 puerum
407 1362 512 1436 neget,
525 1350 746 1435 eumque‚qui
823 1350 912 1414 dicta
935 1364 1025 1427 sunt,
1048 1353 1239 1438 respondet.

253 1436 400 1519 jaculum
432 1457 474 1500 ne
507 1437 650 1521 tetigerit
677 1436 747 1520 qui·
822 1435 848 1512 ¹)
861 1435 978 1520 Neque
991 1437 1072 1501 enim
1087 1438 1165 1515 dixi,
1177 1461 1196 1503 a
1208 1460 1311 1524 puero
1329 1443 1432 1513 155qu-

258 1520 348 1596 dem,
367 1543 427 1586 sua
444 1521 553 1607 ipsum
566 1531 747 1606 manuper·
823 1541 1019 1603 quemquam
1061 1524 1172 1607 jaculo
1211 1525 1311 1591 ictum

255 1605 344 1670 iisse.
387 1607 440 1671 Ab
468 1606 527 1671 illo
554 1606 666 1692 potius
689 1627 747 1670 vo·
822 1626 913 1680 esse,
950 1605 1010 1670 sed
1042 1609 1076 1672 in
1108 1610 1209 1674 telum
1238 1631 1311 1674 curn

257 1689 345 1755 lente
373 1713 471 1777 quam
494 1713 511 1756 a
536 1693 670 1778 seipso
693 1713 747 1754 ne·
822 1689 1018 1754 incidentem
1041 1694 1188 1776 periisse.

259 1785 366 1840 cat-um
394 1799 469 1842 esse
490 1778 591 1842 filium
614 1776 747 1864 probari
823 1775 848 1858 ²)
870 1775 1076 1851 Paedotriba‚
1107 1779 1134 1842 si
1157 1801 1230 1843 eum
1255 1802 1313 1844 vo·
1329 1783 1416 1855 perd

260 1870 381 1947 potest.
426 1863 463 1928 In
495 1864 570 1950 ipso
595 1864 678 1928 enim
696 1862 750 1948 jaff
824 1861 926 1936 cavit,
955 1861 1119 1928 homicida
1149 1875 1215 1940 est,
1241 1865 1314 1952 ipse

257 1947 390 2012 colandi
413 1959 577 2013 momento
601 1949 642 2012 ab
667 1948 747 2013 artis
824 1946 852 2011 si
877 1947 993 2011 volens
1023 1949 1117 2028 abiit,
1140 1971 1159 2013 o
1182 1973 1219 2014 se
1240 1951 1316 2035 ipso

256 2033 472 2118 gymnasticae
501 2034 659 2120 magistro
690 2055 749 2095 vo·
823 2031 1015 2096 interfectus
1039 2052 1098 2098 est.
1122 2033 1141 2118 §
1164 2036 1193 2099 4.

258 2127 352 2182 catus
386 2117 500 2182 incidit
531 2120 564 2182 in
593 2116 748 2182 infestum
761 2116 798 2181 ΙΙ.
822 2117 921 2182 Pueri
944 2117 1041 2203 eulpa
1064 2129 1131 2192 est,
1153 2142 1219 2182 non
1234 2120 1315 2185 ado·
1332 2125 1374 2193 76·

168 2238 175 2253 ·
257 2204 345 2268 illius
360 2203 515 2290 jaculum.
541 2203 749 2268 Adolescens
824 2202 988 2268 lescentis.
1034 2203 1204 2281 Hic'fecit‚
1222 2205 1314 2290 quod

169 2320 176 2335 ·
261 2297 369 2354 autem
397 2289 429 2352 in
448 2289 634 2374 jaculorum
658 2288 749 2354 colli·
825 2311 920 2353 suum
937 2298 1015 2363 erat,
1037 2289 1199 2374 idemque,
1223 2291 1314 2375 quod

260 2373 443 2459 gendorum
466 2385 613 2473 tempore
626 2396 749 2448 errario,
824 2374 960 2438 sodales
1000 2376 1119 2454 ceteri,¹
1144 2375 1200 2440 ifle
1239 2398 1315 2453 nec,

259 2459 330 2522 cive
363 2458 479 2521 volens
513 2481 583 2522 eive
611 2460 750 2528 invitus,
826 2459 917 2542 quod
941 2481 1035 2524 suum
1052 2469 1131 2534 erat,
1147 2482 1207 2525 nec
1217 2461 1314 2538 idem,

262 2551 297 2607 at
320 2542 442 2607 occidit
462 2543 564 2618 filium
587 2566 702 2608 meum.
730 2544 749 2629 ᾗ
825 2544 916 2628 quod
940 2545 1048 2608 ceteri.
1072 2544 1092 2630 §
1115 2546 1163 2609 5.'

262 2628 355 2693 4-6.
399 2629 539 2708 ἔλεγχος.
761 2625 814 2690 111.
826 2628 1033 2693 Adolescens
1088 2651 1155 2693 non
1210 2631 1313 2716 magis

93 2717 177 2788 ι;9.δ8.
195 2714 234 2779 11.
261 2716 295 2803 o)
319 2713 405 2800 Lege
435 2715 678 2779 adolescentem
702 2727 748 2778 te·
824 2735 921 2798 quam
955 2715 1054 2778 ceteri
1084 2714 1185 2779 caedis
1214 2716 1312 2802 culpa

261 2800 330 2863 neri
364 2811 462 2883 negat
487 2821 573 2864 reus.
618 2799 748 2884 Injuria.
825 2807 963 2882 tenetur.¹
986 2799 1005 2884 ᾗ
1028 2799 1175 2877 deinde.

260 2883 332 2968 57.
354 2882 505 2965 νόμιμυν.
762 2880 817 2944 IV.
828 2883 916 2948 Puer
945 2905 1013 2955 non
1046 2887 1237 2950 temerarius
1261 2907 1315 2950 so·
1333 2892 1466 2962 floreno.

93 2971 178 3046 tom.
239 2968 271 3056 b)
293 2967 359 3032 Pro
386 2980 436 3030 ter
459 2989 601 3032 errorem
620 2967 749 3032 absolvi
827 2967 894 3031 lum
938 2967 998 3032 sed
1035 2964 1186 3035 incautus
1220 2970 1316 3035 etiam

262 3075 328 3118 non
352 2990 459 3118 debet
488 3052 508 3139 ἦ
531 3055 560 3119 8.
582 3053 719 3118 ditator.
825 3050 938 3138 suits
961 3054 989 3117 7.
1011 3051 1107 3128 εἰκός.

93 3144 182 3214 β7;10·
243 3139 272 3227 e)
296 3137 396 3219 Quod
430 3138 524 3202 malis
558 3137 681 3224 indigni
716 3153 750 3202 ut
764 3133 803 3199 V.
827 3136 878 3203 Ex
912 3137 999 3224 lege,
1033 3133 1131 3290 quum
1168 3139 1314 3223 protule·
1332 3148 1421 3217 pust.

264 3224 404 3290 honeste
438 3225 585 3290 viventes
610 3225 672 3299 sibi
707 3225 752 3305 vi·¹
827 3233 903 3288 runt
926 3223 1037 3299 isti‚a
1065 3225 1215 3299 olescens
1237 3247 1315 3310 pce-

265 3309 384 3375 dentur
412 3308 474 3385 illi,
496 3331 563 3375 non
587 3310 752 3396 digniores
828 3331 869 3374 na
893 3310 1083 3375 liberandus
1097 3323 1157 3377 est.
1175 3309 1195 3396 ᾗ
1211 3313 1239 3377 8.
1261 3308 1316 3376 νό-

264 3405 371 3459 morte
386 3417 500 3460 sumus
513 3417 585 3470 nos,
619 3396 753 3483 uiaeque
826 3417 931 3478 μιμον
969 3432 1004 3444 -
1035 3393 1317 3485 ἐνθυμηματώδης

264 3479 412 3569 honeste·
428 3480 576 3547 vivimus.
596 3417 620 3567 i
641 3483 663 3563 9
686 3483 753 3548 init.
828 3479 971 3568 τελευτή.

265 3567 403 3631 δίκαιον.

93 3662 179 3733 ΜΟ.
240 3651 275 3738 d)
298 3650 398 3730 Quod
421 3650 654 3736 contendunt,
688 3673 754 3715 non

265 3755 377 3799 errore
404 3756 529 3800 vacuos
558 3734 620 3798 scd
643 3737 673 3798 ei
696 3737 754 3800 ob·

263 3819 384 3884 noxios
398 3819 584 3916 puniendos
597 3840 681 3893 esse,
693 3840 754 3902 pro

265 3901 497 3968 nobisdrcunt.
521 3902 540 3989 ς
564 3904 593 3967 9.
616 3903 754 3967 δίκαιον.

135 4009 184 4079 pn,
201 3989 257 4055 Ill.
271 3988 416 4074 Uterque
454 4001 486 4052 et
509 3989 630 4052 erravit
652 3998 685 4052 et
707 3989 755 4052 in·

97 4089 186 4163 5534,
268 4075 355 4139 vitus
378 4071 569 4138 interfector
593 4073 706 4147 evasit.
723 4085 756 4139 et

96 4173 185 4246 poor.
268 4180 349 4245 puer
372 4159 647 4227 etadoleecens⁰.
671 4158 754 4246 510.

265 4250 412 4330 σημεῖον.
