2940 5026
301 391 343 459 22

258 575 324 631 tem
358 561 401 628 ed
438 563 607 650 ψεκτικόο.
652 565 796 630 Primum
819 577 927 631 autem
951 567 1164 655 Antiphontis
1187 572 1354 637 orationes

258 687 463 752 exponamus
497 666 612 732 ordine
645 668 776 742 eodem,
810 689 877 752 quo
910 671 943 733 in
977 669 1176 737 editionibus
1199 674 1356 739 oollooeri

258 768 376 834 solent.
421 769 532 852 Atque

633 870 666 933 iu
690 869 891 935 Oratione
913 872 976 942 1¹⁸.

259 995 324 1059 qus
346 972 515 1058 privignus
539 992 714 1035 novercam
734 970 970 1055 postetam&
988 984 1132 1051 accusat.
1144 976 1236 1060 quod
1259 999 1354 1042 suum

256 1087 383 1161 patrem
422 1073 571 1136 maritum
603 1073 708 1156 ipsius
742 1094 868 1137 veneno
892 1073 1074 1138 tollendum
1097 1079 1274 1154 curaverit,
1298 1078 1356 1143 ad·

256 1175 501 1258 versariumque
524 1173 556 1236 in
579 1194 680 1236 eausa
702 1172 842 1238 dicenda
864 1174 966 1239 habet
987 1175 1089 1239 filium
1105 1198 1273 1254 novercae,
1289 1179 1355 1243 hoo

256 1276 326 1342 fere
348 1275 449 1339 modo
471 1296 526 1339 res
549 1273 722 1359 dispositae
745 1287 832 1339 sunt.

438 1376 581 1440 Primum
604 1376 735 1461 quidem
759 1379 995 1462 Προοίμιον.
1018 1378 1036 1463 §
1062 1381 1174 1445 1-13.

256 1479 281 1544 Ι.
323 1479 372 1552 Is,
405 1477 462 1563 qui
486 1478 667 1542 orat-ionem
690 1476 805 1551 babet.
827 1490 906 1563 post
929 1501 1121 1564 expressam
1144 1482 1259 1567 paneis
1282 1506 1355 1547 ver·

322 1580 372 1644 bis
396 1579 630 1644 adolescentiae
655 1589 818 1644 ebrorum
839 1580 1018 1645 forensium
1034 1581 1200 1667 imperitiae
1216 1607 1353 1649 exeusa-

322 1682 444 1746 tionem
468 1680 509 1744 de
532 1680 580 1744 rei
601 1680 795 1767 indignitate
818 1682 965 1766 loquitur
993 1692 1026 1746 et
1048 1686 1207 1769 serupuio
1230 1687 1293 1750 sibi
1308 1687 1356 1750 in-

318 1785 427 1869 jecto.
460 1780 567 1867 quod,
601 1804 702 1867 quum
735 1793 870 1868 epatre
893 1784 956 1847 sibi
979 1784 1168 1849 mandatum
1192 1798 1297 1862 esset,
1319 1797 1358 1852 ut

321 1886 363 1948 ab
385 1884 491 1967 ipsius
513 1883 779 1948 interfectoribus
804 1906 929 1969 poenas
952 1895 1131 1971 repeteret,
1153 1889 1185 1951 in
1209 1910 1279 1952 eam
1293 1888 1355 1952 ‹lif-

321 1985 498 2050 fioultatem
532 1985 719 2058 incidisset.
742 1997 793 2061 ut.
816 2008 902 2072 quos
925 1989 987 2052 sibi
1011 1989 1043 2053 in
1061 2011 1162 2054 eausa
1183 1989 1354 2074 adjutores

320 2088 393 2154 fore
416 2109 550 2172 sperare
583 2087 634 2151 fas
657 2100 762 2163 esset,
785 2111 844 2152 eos
867 2111 1024 2154 accusare
1042 2103 1224 2176 cogeretur.
1235 2090 1355 2155 fratres

323 2191 440 2255 eodem
465 2199 558 2272 patre
581 2197 677 2250 natos
702 2211 881 2272 eorumque
903 2200 1047 2255 matrem.
1070 2191 1089 2274 ἕ
1114 2192 1205 2255 1-2.
1221 2227 1260 2241 -
1274 2190 1358 2278 πρό·

321 2288 461 2361 oensem.

256 2391 296 2457 11.
318 2391 402 2455 Peto
425 2399 533 2453 antem
554 2425 587 2436 ·-
608 2386 714 2472 inquit
734 2425 769 2436 -
790 2411 811 2454 s
832 2390 944 2462 vobis.
961 2391 1111 2477 judiees,
1133 2402 1179 2469 ut,
1202 2393 1231 2457 si
1254 2415 1274 2456 a
1295 2415 1354 2457 no·

323 2513 419 2557 veroa
440 2503 567 2576 patrem
590 2512 696 2554 meum
717 2490 923 2557 interfectum
947 2516 1023 2558 esse
1045 2493 1354 2576 demonstraverim,

320 2607 352 2658 et
386 2593 514 2677 legibus
547 2591 758 2657 satisfacietis
793 2595 925 2659 etmihi
948 2595 1081 2660 deserto
1105 2618 1202 2680 opem
1225 2596 1354 2671 feratis3

320 2717 383 2759 vos
406 2694 490 2757 enim
512 2693 590 2756 mihi
612 2714 674 2778 pro
702 2695 896 2759 necessariis
919 2697 1009 2761 estis.
1031 2697 1162 2780 §3-4.
1188 2735 1224 2748 -
1248 2695 1296 2770 εἰς
1316 2696 1353 2760 τὸ

323 2799 501 2882 προσέχειν
523 2794 724 2882 παρακαλεῖν
731 2795 767 2861 ⁸¹.

257 2937 285 2990 p.
304 2916 443 2970 leo-139
466 2915 547 2969 Reislr
558 2920 579 2981 1,
605 2915 803 2968 Valckenarius
835 2931 877 2985 ep.
908 2915 1014 2970 Siniter.
1042 2915 1126 2970 Leott
1153 2917 1287 2972 Andocid.
1314 2916 1357 2974 ed.

258 3004 372 3058 Sebiiier
384 3022 410 3074 p.
423 3001 533 3056 10-15.
568 3002 609 3058 cf.
627 3001 787 3056 Andokides
807 3000 970 3055 Uebersetzt
988 3004 1042 3057 und
1061 3005 1108 3057 eri.
1126 3023 1149 3056 v.
1159 3007 1192 3057 A.
1202 3004 1236 3057 G.
1245 3004 1356 3057 Becker.

258 3082 402 3148 Questus.
420 3107 445 3142 u.
465 3087 552 3160 nep..
571 3086 885 3158 1832.p.83-108.p.
909 3087 1016 3140 is-rs.
1054 3092 1082 3141 s.
1103 3093 1134 3142 a.
1152 3088 1252 3153 Nabar,
1275 3089 1358 3142 saia.

258 3195 317 3240 vus,
336 3193 416 3246 quum
436 3191 530 3227 omnes
550 3175 695 3234 orationes,
715 3190 773 3242 quae
791 3172 942 3226 Andocidis
961 3173 1089 3235 seruntur,
1116 3174 1267 3227 Andocidis
1295 3192 1358 3227 esse

259 3262 374 3334 negavit,
394 3271 449 3311 tum
469 3275 521 3309 orr.
538 3256 557 3308 1.
577 3266 604 3309 et
621 3256 653 3308 11.
672 3259 779 3326 spurius
793 3273 862 3330 ‘esse
894 3259 1057 3328 argumentis
1079 3259 1256 3329 comprobare
1275 3277 1357 3312 oona·

259 3355 304 3399 tus
324 3352 375 3397 est.
410 3341 450 3395 cf.
469 3341 638 3412 Mnemosyn.
657 3340 693 3393 111
712 3342 813 3407 11854),
831 3361 856 3413 p.
875 3343 909 3395 86
928 3361 988 3415 sqq.

329 3429 363 3482 78
400 3427 476 3481 Hono
495 3429 643 3481 orationem
661 3444 712 3498 pro
732 3427 823 3498 spurio
842 3428 993 3482 habendam
1012 3445 1074 3482 esse
1088 3429 1294 3484 demonstrasse
1306 3430 1357 3484 sibi

257 3516 307 3573 visi
325 3523 390 3570 sunt
407 3513 512 3568 Lebner
530 3513 624 3567 Pliiiol.
643 3512 703 3566 Cur.
722 3518 813 3585 (quem
840 3515 935 3569 librum
963 3515 1095 3586 inspicere
1118 3515 1181 3569 mihi
1199 3534 1252 3568 non
1272 3516 1356 3580 licuit)

256 3611 286 3658 et
303 3601 431 3664 schmitt,
459 3599 499 3654 De
527 3600 649 3653 oratione
667 3600 693 3652 in
716 3598 875 3653 Noveroum.
899 3600 992 3673 Progr.
1014 3600 1101 3654 Fulda
1120 3600 1198 3655 1853.
1215 3619 1242 3672 p.
1261 3602 1276 3653 5
1294 3619 1357 3673 sqq.

257 3688 315 3742 Sed
333 3687 366 3741 οἰ.
384 3687 513 3742 Metzner
530 3686 565 3739 ad
584 3685 692 3757 Antipb
710 3705 736 3757 p.
758 3685 806 3739 125
825 3704 867 3757 sq.
886 3685 916 3739 P.
935 3686 968 3742 G.
987 3685 1099 3751 Ottsen,
1130 3686 1171 3741 De
1200 3704 1288 3741 rerum
1315 3687 1356 3740 in·

257 3775 384 3828 ventione
411 3790 442 3825 so
470 3773 658 3846 dispositione,
684 3790 743 3844 que
766 3782 809 3826 est
832 3775 857 3827 iu
879 3773 966 3845 Lysite
986 3783 1066 3846 atque
1085 3775 1258 3845 Antiphontis
1278 3784 1357 3827 orstt.

257 3859 352 3931 Progr.
371 3859 479 3913 Flensb.
499 3859 575 3912 1847.
593 3878 619 3929 p.
637 3859 713 3912 5-8.

328 3944 362 3997 79
398 3942 458 4007 Qus
476 3944 511 3997 de
530 3962 560 3997 re
582 3955 668 4006 recte,
694 3955 724 3997 ut
750 3942 863 4008 videtur,
891 3943 1011 4017 disputat
1037 3945 1167 4000 Maetzner
1189 3944 1224 4000 sd
1246 3945 1356 4016 Autipb.

278 4027 363 4084 .‘282.

258 4048 277 4104 p
328 4116 363 4168 80
399 4113 439 4168 cf.
456 4114 577 4168 Ansxim.
596 4113 656 4177 228,
674 4112 717 4166 25.
737 4112 797 4179 214,
816 4116 850 4166 17
868 4131 929 4186 sqq.

328 4198 361 4254 81
398 4199 438 4255 ct
457 4203 543 4255 Anam
562 4199 681 4265 214,19.
700 4199 761 4264 228,
779 4199 821 4252 28.
857 4200 899 4254 Its
917 4208 1005 4256 autem
1025 4211 1053 4257 et
1070 4219 1135 4267 reni,
1153 4203 1188 4258 de
1206 4220 1259 4275 qus
1273 4202 1360 4258 dictu·
