2940 5026
224 377 266 443 80

179 544 221 611 V.
244 546 279 631 c)
301 543 443 625 Quidam
466 567 503 610 se
525 548 652 612 nescire
674 545 801 622 dicunt,
825 545 905 632 quid
928 546 991 612 sibi
1014 546 1096 612 velit
1115 547 1183 612 ista
1202 568 1283 633 pax,

244 650 272 712 si
296 648 418 711 civitati
441 668 542 712 naves
565 657 598 712 et
621 649 748 714 moenia
775 647 965 724 reddantur,
987 649 1107 734 privati
1127 649 1283 714 homiues

246 749 316 813 suis
338 751 610 835 possessionibus
633 752 665 814 in
683 760 797 815 extero
810 749 885 814 solo
898 750 970 814 sitis
982 749 1185 814 fraudentur.
1198 748 1220 834 ς
1233 748 1286 814 36.

224 852 256 938 b)
278 851 424 936 Majores
459 852 564 914 nostri
593 873 691 936 quum
716 873 816 916 naves
840 861 872 914 et
894 852 1023 915 moenia
1046 849 1286 922 aedificassent,

245 964 314 1018 tum
348 953 467 1036 opibus
502 973 635 1037 quoquc
669 965 702 1019 et
731 953 853 1017 divitiis
876 973 1025 1018 crescere
1047 950 1285 1036 coeperunt§

247 1054 384 1119 37-39.
406 1051 624 1139 παράδειγμα.

225 1155 423 1234 ἐπίλογος.
448 1154 467 1239 §
491 1155 628 1219 40-41.

182 1259 204 1322 1.
247 1250 617 1341 concatenataeque.
642 1255 661 1341 §
683 1257 726 1321 40
749 1257 816 1321 init.

182 1359 222 1423 ΙΙ.
244 1357 329 1443 πρὸς
351 1355 475 1439 φιλίαν.
499 1356 518 1442 §
541 1357 679 1422 40—41.

181 1459 235 1523 Ill.
248 1459 448 1545 προαίρεσις.
473 1457 492 1543 §
515 1459 554 1523 41
581 1468 663 1522 extr.

328 1557 1133 1643 1)111.111,1]111111111111Ιοί1111111]θῆ
1250 1621 1254 1626 .

269 1660 350 1724 Haec
372 1662 478 1724 oratio
500 1661 613 1727 habita
628 1682 703 1724 esse
716 1661 906 1745 perhibetur
919 1659 971 1723 Ol.
982 1658 1067 1733 XCI,
1079 1659 1099 1723 2
1112 1662 1152 1743 (a.
1165 1681 1193 1724 a.
1206 1659 1284 1725 Chr.

181 1763 305 1827 11415.
339 1760 379 1825 cf.
403 1761 528 1825 Becker
550 1761 716 1826 Andolrid.
740 1782 771 1846 p.
798 1763 845 1832 13,
879 1769 988 1824 annot
1023 1759 1073 1824 30.
1097 1768 1131 1824 et
1152 1760 1278 1847 Krueg.

179 1886 231 1949 ap.
255 1864 396 1928 Clinton.
419 1861 507 1926 Fest.
532 1862 615 1927 Hell.
639 1885 669 1948 p.
693 1863 768 1941 79.),
790 1884 890 1946 quum
914 1863 946 1925 in
963 1883 1002 1924 eo
1020 1862 1283 1947 essetpopulus,

184 1972 222 2030 ut
244 1965 286 2030 de
308 1964 495 2040 Alcibiade,
517 1964 625 2039 Nicia,
648 1964 820 2029 Andocide
844 1962 1048 2047 decerneret,
1072 1963 1146 2046 quis
1169 1984 1287 2026 eorum

183 2066 377 2132 testularum
400 2066 562 2151 suffragiis
587 2067 808 2150 (ostraeismo)
832 2064 1048 2129 damnaretur.

227 2169 456 2253 προοίμιον.
482 2168 502 2253 5
529 2167 619 2230 1-9.

181 2270 205 2334 Ι.
247 2269 399 2354 Ingratus
433 2289 512 2331 sane
540 2265 774 2350 rempublicam
807 2265 989 2351 attingendi
1010 2266 1114 2329 labor.
1159 2262 1284 2344 Quam·

243 2369 293 2432 vis
318 2369 409 2432 multi
433 2367 705 2431 existimationem
728 2388 830 2430 meam
849 2366 1018 2430 calumniis
1044 2366 1282 2452 oppugnarint,

247 2479 360 2533 vestro
377 2467 520 2553 judicio,
543 2465 776 2545 Athenienses,
789 2478 822 2533 et
838 2467 1007 2533 sententiis
1024 2468 1181 2531 liberatus
1195 2488 1283 2532 sem·

248 2593 307 2657 per
340 2570 489 2634 discessi.
534 2570 630 2634 Nunc
665 2568 706 2631 de
729 2592 769 2633 eo
792 2572 908 2655 agitur,
931 2581 1039 2632 utrum
1063 2589 1135 2653 ego,
1157 2590 1198 2633 an
1223 2568 1282 2633 Al·

248 2672 410 2745 cibiades,
444 2691 484 2732 an
519 2669 630 2733 Nicias
668 2670 700 2732 in
723 2671 873 2734 exsilium
897 2671 1045 2735 abiturus
1069 2671 1121 2733 sit.
1144 2667 1165 2754 ᾗ
1191 2669 1286 2735 1-2.

248 2771 422 2859 πρόθεσις.

180 2876 219 2940 ll.
244 2874 313 2939 Lex
337 2873 379 2937 de
402 2872 597 2937 ostracismo
619 2871 873 2956 reprehenditur
885 2871 923 2936 ⁸⁵.
945 2872 965 2957 §
989 2871 1082 2936 3-6.
1104 2870 1283 2952 anactoria

247 2975 406 3062 quaedem.
430 2973 477 3039 cf.
501 2974 653 3060 Spengel.
678 2973 892 3038 Commentar.
916 2972 1129 3038 111Α1111111.
1153 2993 1184 3057 p.
1211 2971 1284 3037 126.

182 3077 275 3161 111.1)
298 3077 384 3150 Oro,
407 3084 444 3139 ut
466 3077 604 3160 benigne
628 3096 678 3139 me
700 3074 850 3140 audiatis.
874 3074 893 3160 ᾗ
918 3077 947 3139 7.

226 3179 251 3261 ²)
275 3177 374 3257 Quod
410 3175 452 3240 de
486 3175 564 3239 odio
594 3197 666 3240 meo
688 3177 720 3240 in
745 3175 903 3261 populum
928 3184 961 3240 et
982 3196 1091 3239 rerum
1113 3174 1285 3239 novanda·

249 3300 320 3342 rum
343 3276 455 3340 studio
484 3298 592 3340 sermo
617 3287 683 3350 est,
702 3278 772 3360 jam
794 3276 851 3340 diu
873 3278 1059 3341 innocentia
1082 3298 1154 3339 mea
1176 3298 1218 3339 ex
1242 3298 1285 3342 eo

254 3492 289 3550 84
324 3494 423 3549 Iterum
441 3513 474 3550 ac
491 3498 589 3567 saepius
608 3494 762 3565 bibliopolis
782 3497 948 3549 nostratibus
971 3495 1107 3559 mandavi,
1134 3505 1164 3550 ut
1190 3496 1286 3551 Meieri

183 3583 432 3638 commentationes
458 3582 632 3636 Andocideas
666 3581 726 3634 mihi
754 3592 886 3652 pararent.
941 3580 1122 3652 Quamquam,
1152 3582 1179 3636 111
1209 3583 1287 3653 quod

182 3671 353 3724 vehementer
370 3668 515 3722 dolendum
534 3678 590 3732 est,
608 3669 676 3721 hauc
696 3685 805 3739 operam
823 3668 923 3722 frustra
941 3665 1067 3737 impendi.

255 3771 289 3824 85
325 3770 339 3840 5
360 3770 376 3822 5
394 3769 436 3823 ἔτι
452 3766 477 3823 δ’
496 3769 526 3822 εἴ
536 3787 578 3826 τις
600 3766 648 3823 διὰ
668 3769 751 3824 τοῦτο
767 3771 937 3838 μεθίσταται
954 3766 1000 3823 ὅτι
1015 3766 1160 3836 πολίτης
1178 3765 1284 3832 ἐστὶν,

184 3848 287 3910 οὗτος
312 3851 371 3907 οὐδ’
389 3851 520 3907 ἀπελθών
538 3851 650 3908 ἐνθένδε
670 3852 820 3918 παύσεται,
844 3853 899 3909 ἀλλ’
916 3852 974 3908 κτλ.
1013 3854 1103 3907 Reislr.
1122 3854 1191 3924 conj.
1206 3850 1288 3906 πολλ-

184 3956 235 4008 ene
249 3936 341 3993 κακός.
377 3937 481 3992 Censor
498 3939 623 3994 lenensis
644 3958 686 4011 ap.
705 3939 825 3994 Schiller.
845 3941 880 3995 ed
898 3941 1005 3995 Sluiter.
1024 3958 1050 4010 p.
1070 3940 1120 3992 145
1138 3935 1284 4004 ἀπολίτησ,

185 4023 327 4096 Emporias
345 4042 372 4095 p.
391 4023 441 4076 213
463 4021 588 4094 πονηρός
613 4027 630 4079 1.
656 4028 779 4097 πονηρὸς
801 4023 927 4094 πολίτης.
971 4027 1049 4080 Fort.
1073 4025 1125 4095 leg.
1145 4053 1158 4064 ·
1177 4052 1189 4064 -
1212 4019 1289 4075 ἐστὶν

117 4159 121 4165 ,
184 4103 348 4176 ἄβουλος.
369 4104 428 4160 οὐδ’
445 4137 458 4152 -
475 4137 488 4152 ·
506 4108 547 4164 cf.
565 4111 674 4183 Antiph.
693 4111 714 4174 Ι,
732 4112 773 4164 23.
809 4111 906 4184 Neque
924 4128 988 4165 vero
1008 4102 1089 4164 οὗτος
1107 4107 1168 4164 ferri
1186 4114 1289 4179 potest.
