2940 5026
433 552 487 626 IV,
511 571 538 634 y.
993 551 1099 627 1V‚e.

252 693 490 777 Προοίμιον.
513 692 530 776 §
558 692 582 755 1.
818 688 1097 776 Προοίμιοο.ἓ
1126 690 1149 752 1.

207 794 228 856 1.
273 795 349 858 Nou
383 795 507 865 mirum,
541 793 569 856 si
602 813 679 856 reus
707 791 794 862 iis,1.
836 790 927 854 Reus
962 812 1028 854 non
1062 791 1105 853 ob
1134 789 1186 853 sui
1208 788 1326 874 despe-

273 901 348 964 quee
363 878 454 951 feeit.
474 879 704 943 convenienter
716 877 762 940 di·
837 878 995 940 rationem
1030 875 1090 938 sed
1113 882 1250 959 propter
1273 897 1326 939 ae·

273 967 325 1038 eit,
359 966 536 1049 vobisque,
557 963 705 1050 judiees
738 963 762 1025 i·
839 977 1027 1025 cusatorum
1085 960 1326 1023 contentionem

271 1051 497 1137 gnosoendum
520 1047 690 1134 estquod
713 1070 762 1110 re·
837 1049 918 1112 urbe
942 1047 1092 1111 excessit.
1137 1047 1209 1110 Nos
1234 1047 1326 1108 amiei

271 1156 343 1200 rum
366 1136 583 1220 expositionis
602 1135 761 1218 accipian·
837 1131 886 1196 fas
904 1155 978 1198 esse
991 1154 1062 1196 eum
1076 1130 1253 1195 defendere
1266 1131 1325 1194 du·

272 1222 324 1285 dae
357 1221 501 1284 studiosi
530 1224 629 1284 istum
664 1241 759 1302 aequo
835 1219 952 1287 ximus,
965 1219 1000 1296 §l
1014 1213 1324 1301 ἰοίοπρὸςεῦνοιαο.

271 1308 377 1371 animo
412 1307 593 1370 audivistis
617 1304 635 1389 ᾖ
662 1305 758 1368 linit.
836 1303 882 1368 Cf.
906 1307 1009 1369 Anax.
1033 1326 1063 1387 p.
1087 1303 1158 1376 230,
1183 1301 1231 1364 23.

270 1391 355 1478 πρὸς
376 1390 516 1456 εὔνοιαν.
770 1397 801 1454 11.
831 1389 1082 1455 Defendendum
1097 1389 1197 1472 igitur
1221 1397 1279 1450 est.
1304 1385 1323 1469 ς

205 1484 236 1541 11.
266 1475 342 1557 Qui,
365 1479 515 1560 quamvis
527 1475 757 1550 ooneedat‚ex
838 1476 850 1539 1
878 1486 958 1540 extr.
981 1472 1156 1560 πρόθεσις.

205 1616 208 1621 ,
268 1564 376 1648 plagis
409 1574 573 1625 mortuum
602 1583 676 1624 esse
699 1560 757 1624 ho·

268 1649 401 1718 minem,
436 1659 542 1710 tamen
577 1668 613 1710 se
656 1646 758 1709 homi·

268 1733 373 1797 eidam
397 1755 471 1796 esse
495 1741 600 1817 negat
615 1731 659 1815 §1
675 1730 757 1794 med.

266 1817 530 1905 προιοιτάληψις.
576 1815 623 1881 Cf.
652 1817 695 1882 ad
717 1821 757 1886 Π,

200 1996 245 2053 tn.
262 1953 350 2052 H’aeo'
376 1998 409 2051 et
430 1989 482 2050 his
513 1987 629 2050 similia
652 1989 693 2051 ab
717 2010 755 2051 eo

268 2073 356 2136 diota
394 2095 468 2135 esse
499 2071 679 2136 ostendam.
705 2071 753 2156 §1

268 2169 349 2222 extr.
372 2157 546 2244 repedante.

204 2346 229 2397 in
248 2346 324 2398 Artis
344 2345 473 2397 Soeietat
492 2344 577 2397 Graec.
596 2361 611 2396 a
631 2344 821 2398 Funlrhaenelio
841 2352 869 2398 et
888 2345 1098 2402 Westermanno
1119 2345 1179 2400 edd.
1198 2345 1259 2400 Vol.
1270 2341 1303 2400 11.

203 2449 228 2500 p.
248 2429 281 2481 88
299 2430 368 2482 hano
386 2429 599 2482 emendationem
618 2439 788 2500 praeoptem.

273 2516 288 2566 9
324 2514 433 2568 durenis
453 2532 545 2568 senem
564 2515 633 2566 inter
649 2516 732 2567 rixam
751 2517 787 2568 ita
805 2519 925 2581 vexarit,
943 2527 973 2571 ut
998 2518 1092 2590 paucis
1119 2519 1214 2571 diebus
1238 2525 1304 2589 post

203 2602 315 2654 animam
344 2601 453 2654 efflaret.
498 2604 524 2652 A
543 2603 615 2653 senis
644 2601 801 2671 propinquis
831 2602 909 2673 hujus
938 2605 1054 2657 oriminis
1083 2613 1226 2656 aecusatus
1251 2621 1303 2656 una

202 2688 323 2739 oratione
342 2705 372 2739 se
392 2685 512 2739 defendit
530 2686 647 2756 dicitque
665 2694 692 2739 et·
710 2704 725 2738 a
744 2705 809 2741 sene
829 2689 879 2740 sibi
898 2688 1020 2760 injuriam
1040 2691 1139 2742 illatam
1159 2708 1233 2751 esse,
1253 2707 1303 2743 neo

201 2773 288 2843 plagis
308 2774 426 2842 acceptis
450 2789 510 2824 eum
537 2773 690 2825 confertum
719 2775 874 2844 exspirasse
893 2776 940 2828 sed
962 2778 1065 2829 inscitia
1083 2777 1186 2829 rnediei.
1224 2777 1301 2829 Alte-

200 2875 256 2910 ram
285 2858 446 2910 desendendi
475 2875 556 2910 carisa
585 2858 745 2919 orationem,
772 2877 853 2928 quum
881 2871 942 2913 ante
966 2864 1024 2931 ejus
1044 2862 1174 2914 habendae
1193 2872 1300 2931 tempus

201 2945 290 2996 sotum
309 2944 402 2995 exsilio
422 2945 561 3005 vertisset,
580 2960 634 2995 non
654 2943 714 3011 ipse
732 2942 836 3006 habuit,
864 2944 914 2996 sed
942 2963 990 3015 pro
1016 2962 1048 2998 eo
1073 2947 1173 2998 amicus
1193 2946 1300 3016 quidatn

200 3046 310 3082 oausam
330 3029 421 3080 oravit.

271 3115 305 3165 10
341 3110 427 3182 §33
443 3131 474 3164 τε
492 3114 543 3182 γὰρ
563 3107 718 3163 ἀποθανών
734 3109 790 3165 κτλ.
828 3113 873 3166 Ad
896 3113 920 3166 h.
944 3114 961 3166 1.
987 3113 1136 3185 Sauppius:
1159 3116 1225 3186 ”de
1244 3132 1300 3167 ma·

200 3201 244 3254 lim
265 3202 379 3264 abesse,
399 3213 427 3254 nt
447 3200 498 3252 sibi
517 3197 703 3268 respondeant
720 3193 739 3249 ὅ
755 3211 787 3250 τε
802 3201 855 3272 γὰρ
870 3201 938 3254 θεὸς
959 3200 984 3270 (ξ
1004 3200 1031 3267 2)
1049 3230 1061 3243 -
1078 3229 1090 3243 -
1108 3197 1170 3252 ὅτε
1190 3197 1300 3252 duodu-

198 3281 545 3354 νών1ξ31--ἧμεῖττε
571 3283 596 3352 (ξ
615 3283 667 3351 4).”
712 3287 750 3337 At
779 3285 838 3339 huic
870 3286 1048 3340 emendationi
1080 3289 1138 3357 ipse
1169 3288 1299 3339 orationis

200 3379 344 3423 contextus
373 3381 511 3441 repugnat.
556 3369 673 3422 Primum
701 3371 770 3422 eninr
795 3371 829 3424 de
854 3391 895 3424 vv.
913 3369 930 3424 ὅ
949 3391 978 3424 τε
1000 3374 1051 3444 γὰρ
1070 3374 1138 3428 θεὸς
1156 3372 1179 3442 (ξ
1200 3375 1226 3440 2)
1244 3390 1298 3426 vox

198 3475 228 3508 τε
248 3457 272 3507 1ο
293 3457 386 3510 eadem
406 3458 591 3510 enirnriatione
609 3457 703 3520 habet,
723 3457 795 3526 quod
816 3459 866 3510 sibi
885 3459 1065 3528 respondeat,
1083 3477 1112 3510 τε
1131 3461 1156 3510 in
1175 3478 1215 3512 vv.
1233 3476 1298 3527 τρο-

199 3544 269 3610 φέας
287 3562 323 3594 τε
341 3542 497 3615 παρέδωκε.
535 3544 573 3596 lbi
593 3545 616 3596 si
635 3544 706 3595 nulla
720 3553 796 3596 esset
808 3545 995 3613 particularum
1015 3543 1146 3612 trajectio,
1165 3544 1204 3594 sio
1222 3542 1297 3594 locu·

197 3636 241 3681 tus
264 3639 339 3681 esset
359 3640 450 3681 orator
469 3626 483 3679 ὁ
502 3629 553 3698 γὰρ
572 3629 640 3681 θεὸς
654 3655 666 3669 -
682 3655 694 3670 ·
706 3628 770 3681 τοὺς
782 3627 910 3698 πρώτους
926 3631 1088 3700 γενομένους
1102 3625 1181 3695 ἡμῶν
1200 3625 1299 3695 ἔφοοέν

197 3731 227 3764 τε
248 3715 371 3782 τροφέας
389 3732 419 3764 τε
437 3709 584 3784 παρέδωκε
603 3709 677 3772 aad„
699 3729 751 3780 qua
770 3712 803 3764 de
823 3730 850 3764 re
869 3712 902 3764 os.
919 3714 1050 3765 Maetzner
1068 3712 1102 3765 ad
1121 3713 1144 3764 h.
1163 3713 1179 3763 1.
1197 3712 1296 3781 p.185.

197 3797 267 3848 Tum
297 3814 359 3848 vero
388 3795 462 3850 dom
482 3786 529 3848 οὖν
559 3825 590 3834 -
615 3797 698 3864 inquit
726 3798 864 3866 Antiphon
890 3827 919 3836 -
945 3795 1049 3849 τοὺτων
1074 3793 1126 3848 ὑπὸ
1150 3798 1198 3848 τοῦ
1226 3796 1295 3849 θεοῦ

197 3878 368 3943 ἀξιωθέντος
394 3881 442 3933 τοῦ
461 3882 533 3950 βίον,
561 3875 641 3947 ἡμῶν
659 3877 769 3948 ἀνόμως
798 3885 860 3934 τινὰ
891 3879 1062 3944 ἀποκτείνει,
1095 3880 1219 3950 ἀσεβεῖ
1243 3880 1296 3948 μὲν

197 3972 262 4037 περὶ
287 3967 352 4021 τοὺς
375 3967 472 4028 θεοὺς,
497 3964 615 4034 συγχεῖ
642 3960 678 4016 δὲ
708 3967 750 4017 τὰ
776 3965 912 4035 νόμιμα
941 3965 997 4018 τῶν
1024 3964 1193 4039 ἀνθρώπων.
1229 3964 1294 4018 Haeo

196 4052 251 4106 duo
270 4048 386 4122 (ἀσεβεῖ.
407 4051 508 4122 συγχεῖ)
527 4051 552 4102 1ο
571 4050 619 4112 iis,
646 4068 705 4121 quae
732 4061 888 4122 sequuntur,
915 4054 1023 4106 uberius
1051 4055 1167 4123 explicat
1193 4059 1294 4116 orator,

197 4153 228 4190 ar
252 4136 326 4208 prius
353 4138 418 4191 iliud
442 4139 468 4191 in
488 4136 502 4207 ᾗ
522 4136 546 4202 3,
565 4138 702 4207 posterius
722 4138 747 4191 in
768 4137 783 4208 ἕ
802 4142 827 4193 4.
863 4138 1007 4210 Erigitur,
1026 4154 1085 4208 quae
1103 4137 1128 4189 in
1147 4135 1177 4205 ἐξ
1196 4133 1213 4188 3
1231 4139 1293 4190 eti
