2940 5026
1189 421 1237 487 27

266 591 301 659 In
326 588 498 674 tetralogiu
517 585 655 673 prima
684 587 726 652 de
749 586 868 653 haere
891 589 1005 676 agitur.
1051 590 1111 656 Vir
1133 590 1282 675 quidam,

180 717 282 780 quum
306 704 404 758 noctu
429 714 448 755 a
471 691 623 754 convivio
646 691 783 766 rediret,
807 690 997 776 priusquam
1020 692 1152 757 domum
1175 694 1275 759 adve-

181 798 243 868 nit,
267 819 308 859 ex
321 795 447 858 insidiis
461 794 583 877 petitus
600 793 687 856 illico
704 793 903 857 interficitur.
927 794 1032 858 Servo
1056 795 1166 868 etium,
1178 816 1276 878 quem

182 921 282 963 uuum
306 896 455 960 comitem
477 894 635 969 habebat,
658 895 708 957 vis
721 894 810 958 illata
822 903 888 967 est.
904 895 961 978 qui
976 906 1083 959 tumen
1099 916 1198 979 quum
1212 903 1277 960 tam

183 999 239 1063 diu
274 1007 480 1082 superesset,
514 1005 549 1058 ut
577 995 798 1079 interrogatus
824 1016 841 1058 a
866 996 989 1060 domini
1011 989 1278 1082 propinquis'in·

182 1102 293 1166 dicare
323 1108 452 1184 posset,
479 1119 497 1160 a
520 1097 640 1180 quibus
664 1095 788 1160 caedem
811 1107 1031 1182 perpetratam
1054 1099 1208 1175 vidisset,
1231 1098 1277 1163 af·

182 1203 322 1268 firmavit
345 1202 428 1264 iuter
451 1199 587 1261 sicarios
611 1195 714 1261 fuisse
737 1207 879 1262 veterem
904 1199 1067 1284 quendam
1086 1200 1208 1265 domiui
1226 1201 1277 1264 sui

181 1304 352 1369 inimicum.
399 1299 474 1380 Quo
512 1322 578 1364 uno
613 1300 699 1363 servi
731 1301 819 1364 illius
848 1301 1035 1395 testimonio
1058 1301 1163 1366 fretus
1186 1312 1279 1367 actor

183 1404 220 1469 ἐκ
255 1406 400 1468 πίστεων
422 1402 482 1465 τοῦ
503 1398 629 1472 εἰκότος
652 1399 880 1466 demonstrare
903 1414 1049 1479 conatur,
1072 1406 1113 1468 ab
1136 1405 1194 1468 illo
1219 1404 1278 1468 ho·

183 1508 269 1572 mine
299 1505 422 1569 oaedem
458 1525 532 1566 esse
560 1504 776 1567 commissam.
799 1504 889 1568 Reus
913 1528 1048 1569 suorum
1071 1507 1143 1590 ipse
1166 1527 1279 1570 servo·
1365 1523 1366 1527 ’

184 1631 255 1673 rum
291 1605 485 1670 testimoniis
516 1625 598 1666 usus
621 1601 658 1666 ἐκ
679 1605 824 1668 πίστεων
845 1607 905 1669 τοῦ
927 1605 1060 1687 ἐλέγχου
1084 1608 1218 1690 probat,
1241 1629 1279 1670 se

184 1731 244 1794 per
268 1730 338 1773 eam
362 1720 505 1781 noctem,
530 1727 628 1790 quum
642 1705 751 1770 caedes
764 1705 851 1770 facta
863 1717 962 1785 esset,
979 1707 1068 1771 domi
1083 1730 1153 1773 suae
1165 1707 1288 1773 fuisse„
