2940 5026
348 565 405 639 IV,
427 564 472 627 α9

176 702 390 787 Πρόλονος.
414 701 433 786 §
460 701 550 765 1-5.

132 805 156 868 I.
200 805 301 868 Recte
314 803 394 867 illud
408 804 563 865 usitatum
578 810 637 877 est,
650 817 685 864 ut

196 890 428 953 accusantibus
442 909 555 971 -cpcra
580 887 685 960 detur,

196 998 236 1038 ne
249 977 435 1059 opprimant
450 974 612 1040 insontes.
625 975 684 1035 cri-

194 1062 271 1124 mini
289 1060 464 1122 obnoxios
492 1058 683 1138 relinquant.

65 1168 113 1237 ss7·
198 1149 224 1208 Α
264 1144 336 1207 Deo
360 1144 402 1206 ad
432 1143 465 1205 id
498 1142 575 1204 faeti
605 1144 685 1205 nati·

197 1251 261 1312 que
274 1251 397 1295 sumus.
411 1239 499 1290 utne
512 1238 586 1289 ante
600 1227 683 1290 diem

197 1316 264 1376 vita
288 1315 496 1397 privaremur.
527 1310 637 1390 Quare
659 1313 685 1375 si

198 1399 271 1482 quis
310 1398 450 1481 aliquem
476 1398 542 1460 vita
565 1399 685 1481 spolia-

198 1485 259 1558 vit,
282 1484 310 1546 is
335 1493 367 1546 et
389 1483 507 1566 impius
531 1483 563 1546 iu
581 1483 685 1546 Deum

198 1578 250 1632 est
273 1579 305 1632 et
329 1569 431 1651 legem
457 1568 601 1631 violat¹⁰.
625 1567 644 1652 §
673 1571 682 1632 l

202 1655 269 1718 —4.
292 1653 377 1739 πρὸς
398 1651 538 1717 εὔνοιαν.

918 562 972 637 ιν,
995 565 1023 644 ι.

739 699 974 784 Προοίμιον.
1003 698 1020 782 §
1048 699 1072 762 l.

760 800 877 863 Brevis
890 802 1027 863 istorum
1041 798 1156 864 oratic.
1174 799 1252 863 Nou

761 886 886 948 mirum,
930 884 1252 967 Nouenimnequid

761 973 940 1054 patiant-ur,
978 970 1037 1032 sed
1072 986 1109 1032 ut
1141 970 1252 1052 inique

761 1078 811 1118 me
846 1057 1053 1138 opprimant.
1087 1054 1151 1116 hoc
1185 1054 1252 1117 litis

761 1141 940 1225 periculum
980 1140 1160 1203 subierunt.
1205 1143 1252 1214 Is,

763 1227 818 1309 qui
852 1240 1001 1288 mortuus
1027 1235 1093 1296 est,
1118 1245 1252 1286 causam

762 1312 877 1374 mortis
901 1312 975 1394 ipse
988 1310 1088 1381 dedit,
1100 1332 1166 1373 non
1181 1329 1251 1393 ego.

761 1403 791 1459 ls
814 1397 949 1481 iujurias
974 1417 1113 1458 exorsus
1134 1405 1167 1457 et
1183 1415 1253 1457 suae

762 1482 954 1546 calamitatis
997 1493 1111 1544 auctor
1144 1479 1252 1543 factus

763 1579 815 1630 est
838 1580 870 1630 et
891 1589 971 1630 meae
988 1566 1215 1629 accusationis.
1233 1563 1254 1648 §

769 1657 792 1718 l.
815 1651 873 1716 ἐπὶ
895 1652 932 1715 τὸ
948 1654 1135 1738 προσέχειν.
1158 1670 1256 1712 κακο-

133 1743 165 1800 Π.
195 1739 279 1802 lllud
308 1761 428 1802 cavens
459 1760 521 1822 ego
545 1739 686 1802 criminis

198 1824 312 1887 insons
350 1823 545 1887 homicidam
580 1824 687 1907 injus

200 1909 325 1972 vocavi.
349 1907 400 1992 §5
423 1908 490 1970 init.
512 1907 689 1993 πρόθεσις.

134 1998 178 2056 Ill.
196 1993 277 2066 Vos
289 1994 429 2079 judices,
446 1993 687 2057 accusationem

201 2080 340 2142 animum
364 2079 533 2143 advertite.
558 2079 618 2165 δῦ.
631 2077 689 2143 ἐπὶ

200 2163 237 2226 τὸ
261 2169 447 2248 προσέχειν.
693 2139 698 2240 l

762 1739 865 1818 λογία.

136 2333 199 2391 τίαν
217 2334 325 2394 attinet,
353 2332 483 2385 defensor
498 2337 518 2400 β
536 2331 550 2400 §
570 2332 639 2383 6-7
660 2331 787 2395 ostendit,
814 2330 1015 2383 adolescentem
1034 2331 1083 2395 τῆς
1102 2325 1241 2397 &papulae

137 2415 247 2467 liberum
276 2434 351 2477 esse,
378 2417 451 2487 quod
481 2418 515 2470 ud
533 2419 565 2468 τὸ
586 2413 720 2471 ἀκουσίων
740 2414 911 2477 ἀποκτεῖναι,
931 2417 982 2468 hoc
1003 2430 1110 2485 quoque
1130 2409 1239 2463 crimme

138 2500 204 2552 liber
223 2519 285 2554 esse
304 2503 512 2566 demonstratur,
532 2503 564 2555 ef.
581 2502 632 2570 βξ
653 2503 668 2554 9
693 2497 741 2554 ὅδε
766 2498 916 2553 ἀπολύεται
945 2497 1034 2566 μηδὲ
1065 2495 1238 2549 ἀκουσίων

138 2581 346 2639 ἀποκτεῖναι
364 2585 475 2639 αὐτόν.
514 2588 594 2640 Unde
615 2598 732 2657 apparet,
759 2604 841 2638 voces
861 2582 1009 2652 ἀμφότερα
1024 2583 1110 2636 ταῦτα
1129 2582 1162 2634 ad
1182 2581 1238 2632 haec

140 2669 194 2722 duo
214 2675 264 2737 τήν
282 2670 421 2741 ἁμαρτίαν
439 2684 463 2723 et
482 2674 514 2721 τὸ
539 2668 674 2726 ἀκουσίως
699 2669 861 2723 ἀποκτεῖναι
878 2682 1009 2739 spectare.
1046 2672 1087 2720 Ac
1104 2667 1192 2719 verbis
1213 2657 1242 2716 εἷ

138 2755 190 2824 γὰρ
213 2751 228 2806 ὃ
248 2759 315 2810 παῖς
334 2751 381 2807 ded
401 2757 433 2806 τὸ
458 2753 511 2807 ὑπὸ
528 2784 541 2797 -
557 2785 567 2798 -
587 2785 599 2798 -
617 2753 671 2807 ἀλλ’
696 2753 803 2825 ἀτρέμα
831 2753 948 2808 ἑστῶτος
976 2751 1117 2806 ἀπέθανεν
1138 2748 1152 2802 ὁ
1171 2750 1239 2802 παῖς

139 2839 258 2891 ostendit.
277 2853 419 2893 accusator
439 2842 472 2894 cd
492 2852 632 2912 utrumque
651 2848 689 2906 tet
709 2842 909 2896 adolescentem
923 2853 950 2894 et
963 2843 1087 2910 puerum)
1105 2836 1238 2906 pertinere

125 2926 169 3059 ὁὸ
189 2921 323 2980 ἀκουσίων
341 2925 518 2988 ἀποκτεῖναι,
539 2930 626 2980 verbis
647 2925 677 2990 ἐξ
697 2926 805 2996 ἀμφοῖν
817 2922 847 2978 δὲ
860 2927 909 2979 τοῦ
927 2923 1014 2995 φόνου
1032 2954 1044 2965 -
1061 2952 1073 2965 -
1089 2952 1101 2964 -
1120 2918 1239 2987 ἀζήμιον

160 3011 295 3079 ποφνγεῖν
313 3009 401 3078 dorem
421 3023 553 3065 monstrat
572 3015 623 3079 τήν
644 3011 782 3083 ἁμαρτίαν
802 3031 816 3065 a
835 3023 929 3064 neutro
951 3010 1065 3063 amoveri
1085 3023 1176 3078 posse.

213 3095 229 3146 7
266 3093 326 3148 οὗθ’
352 3092 382 3149 οἰ
398 3096 610 3153 θανατιάσαντετ
637 3098 710 3166 ἡμᾶς
727 3102 765 3167 μὴ
788 3093 944 3167 εἰργόμενοι
970 3095 1026 3147 τοῖν
1041 3087 1239 3162 προσηκόντων

143 3175 288 3248 εὗσεβοῖντ’
308 3179 342 3232 ἂν
358 3179 410 3232 ὑπὸ
428 3181 484 3233 τῶν
505 3179 698 3234 ἀπολυσάνταν
715 3187 778 3237 τοὺς
796 3180 932 3234 ἀνοσίους.
976 3181 1014 3232 lle
1034 3178 1163 3231 hocloco
1183 3191 1238 3226 uon

143 3265 209 3314 eatis
239 3275 300 3334 apte
329 3266 455 3318 Matzner
482 3267 672 3330 (Commenter.
695 3286 720 3336 p.
739 3265 801 3332 181)
830 3267 982 3336 disputavit.
1027 3265 1084 3316 Nec
1113 3267 1239 3330 corrupta

143 3346 266 3399 videntur
284 3366 347 3402 esse
365 3352 446 3404 verba
464 3369 513 3403 nee
531 3365 604 3404 recte
623 3353 761 3422 explicata.
800 3352 857 3404 Hoc
880 3352 943 3404 dicit
966 3361 1069 3402 orator:
1091 3348 1187 3418 Neque
1211 3346 1241 3408 ii,

144 3433 258 3501 quinos
278 3435 442 3497 (tefitium
463 3442 560 3497 meum)
580 3438 780 3498 interfecerunt,
809 3439 832 3489 si
855 3456 908 3489 non
928 3437 990 3489 inde
1009 3443 1139 3496 areentur,
1168 3432 1239 3484 unde

145 3534 193 3570 eos
214 3520 296 3571 arceri
315 3519 357 3572 fas
376 3532 432 3583 est,
458 3522 582 3592 religiose
610 3522 741 3573 habentur
769 3526 828 3591 (pro
849 3525 942 3576 merito
962 3521 1119 3583 tractantur)
1139 3517 1171 3569 ab
1191 3517 1239 3576 iis,

146 3604 189 3672 qui
210 3604 307 3673 impios
327 3606 482 3669 absolvant,
500 3608 514 3658 i.
534 3625 555 3660 e.
576 3625 590 3660 a
609 3608 699 3668 vobis,
719 3607 849 3676 siquidem
873 3610 969 3679 impios
999 3603 1159 3664 absolvatis3
1186 3615 1238 3669 qua

146 3688 180 3741 de
198 3706 227 3741 re
246 3689 278 3744 cf.
299 3708 343 3754 ea,
362 3710 420 3762 quae
439 3688 632 3764 disputavimus
653 3693 686 3745 ad
705 3693 737 3746 ll.
757 3697 784 3761 β,
805 3691 829 3744 3.

215 3773 231 3824 8
269 3771 333 3828 tte*
351 3778 477 3849 καθαρὸν
494 3781 543 3846 τήν
562 3772 652 3832 αἰτίαν
671 3776 731 3840 [de]
751 3774 800 3828 ἐὰν
826 3772 974 3846 ἀιαφθαρῆ
992 3771 1048 3826 κτλ.
1085 3773 1130 3826 Sic
1147 3771 1240 3824 Μιση-

145 3877 199 3914 uer.
237 3859 305 3912 Voc.
325 3859 361 3914 de
379 3862 570 3933 sejungendum
591 3864 695 3916 censuit
714 3862 817 3926 neiat,
844 3864 919 3914 uncis
948 3859 1054 3912 inclusit
1078 3858 1242 3934 Dobsonns,

146 3943 302 3997 deleverunt
319 3945 423 3998 Bekker
442 3956 470 3998 et
487 3948 658 4003 Turicenses.
695 3946 754 4000 dam
774 3964 824 4018 ego
844 3947 1011 4017 conjeceram
1024 3944 1167 4014 legendum
1180 3958 1242 3995 esse

147 4025 161 4079 ὁ
189 4025 219 4080 δὲ
247 4030 373 4100 καθαρὸς
396 4030 446 4096 τῆς
472 4023 562 4086 uittae
581 4030 624 4083 ὢν
642 4031 690 4084 ἐὰν
707 4030 763 4085 κτλ.
782 4033 824 4085 cll.
841 4032 889 4093 IV,
907 4036 935 4100 β,
956 4027 1107 4097 Ἱκαθαρῴ
1124 4029 1175 4102 μέν
1190 4025 1243 4096 γάρ

145 4131 197 4180 μοι
214 4113 263 4180 τῆς
281 4107 371 4168 αἰτίαν
397 4112 456 4170 ἀντι
474 4114 547 4179 κτλ,
576 4136 656 4188 quum
675 4118 726 4171 vidi
746 4131 761 4170 a
780 4116 877 4170 Carolo
898 4115 1045 4175 Scheibeo‚
1068 4113 1158 4164 critico
1178 4112 1245 4174 viro,
