2940 5026
220 393 263 459 48

220 563 251 652 b)
274 562 312 626 ln
345 561 462 625 timore
495 567 656 645 praeterea
684 558 937 643 sumhideoque
960 579 1022 622 vos
1044 578 1144 643 rogo,
1167 565 1205 623 ut
1227 578 1285 623 au·

243 663 397 728 dentiam
421 660 499 725 mibi
521 659 692 725 faciatis¹⁴.
715 660 733 744 ἓ
755 661 849 724 6-7,
872 658 931 725 ἐπὶ
952 657 990 724 τὸ
1013 664 1201 747 προσέχειν.
1236 658 1286 725 αἱ·

245 765 383 854 τήματα.
428 761 476 826 cf.
500 763 647 826 Anaxim.
671 784 697 827 c.
725 762 771 826 19.
795 783 825 846 p.
849 762 921 836 207,
944 762 964 826 3
988 784 1061 848 sqq.

179 867 217 932 ΙΙ.
240 867 265 950 ¹)
290 867 411 930 Contra
434 864 540 950 legem
563 887 638 929 reus
663 884 735 927 sum
758 863 913 927 faetus¹⁵.
937 864 954 947 ς’
976 866 1005 930 8.

180 988 380 1000 -————

180 1031 319 1102 δεινότητι
337 1028 478 1107 εἰρῆσθαι.
515 1035 606 1087 Reislt.
625 1035 676 1104 legi
704 1034 761 1086 vult
787 1032 935 1099 τοῦτομὲν
958 1030 1116 1104 συγγνώμην
1136 1033 1208 1100 ἔχειν
1222 1052 1285 1107 μοι,

182 1116 231 1171 ε’όν
246 1139 274 1171 τι
292 1117 348 1171 κτί..
386 1121 477 1172 Baiter
494 1138 580 1190 σνγγν.
601 1118 672 1185 ἔχειν
681 1138 732 1186 μοι
749 1129 815 1189 post
833 1115 949 1188 ἁμάρτω
961 1119 1051 1189 posita
1065 1120 1173 1171 mavult.
1193 1119 1287 1173 Matz-

181 1222 247 1259 nero
266 1207 445 1259 membrorum
465 1207 629 1258 concinnitas
658 1206 729 1258 nulla
757 1204 860 1257 videtur
879 1221 955 1267 esse,
978 1206 1154 1275 turbatusque
1175 1216 1286 1257 senteu-

182 1292 277 1345 tiarum
298 1291 365 1343 ordo
385 1291 419 1344 ab
438 1293 499 1362 ipso
519 1301 627 1344 oratore
640 1289 913 1362 profectus}putatur.
949 1289 1019 1342 Nihil
1038 1292 1132 1343 horum
1146 1290 1179 1342 ab
1193 1306 1287 1343 errore

184 1377 298 1430 alienum
316 1376 429 1429 videtur.
466 1377 605 1430 Sermonis
626 1380 694 1430 eninr
714 1377 888 1447 Antiphontei
907 1377 1072 1445 aequabilitas
1091 1377 1288 1430 membrorum·

184 1480 236 1535 que
255 1463 447 1516 enuntiationis
466 1464 536 1516 inter
554 1481 584 1516 se
604 1465 747 1534 responsio
776 1473 900 1533 apparet,
928 1463 950 1514 si
979 1464 1121 1515 verborum
1150 1461 1218 1514 ordo
1247 1462 1287 1514 sie

184 1549 344 1602 restituitur:
364 1546 520 1618 συγγνώμην
539 1547 610 1614 ἔχειν
628 1568 679 1616 μοι
695 1553 753 1600 καὶ
771 1544 937 1617 ἡγεῖσθαι
956 1546 1037 1599 τούτο
1056 1548 1117 1614 μέν,
1140 1545 1189 1601 ε’όν
1206 1567 1234 1599 τι
1251 1544 1288 1620 τῇ

184 1630 291 1706 γλώσσῃ
319 1629 447 1704 ἁμάρτω,
467 1631 584 1702 ἀπειρίᾳ
601 1631 667 1686 αύτό
687 1629 791 1701 μᾶλλον
807 1629 864 1684 κτλ.
902 1632 934 1684 G.
954 1635 987 1684 A.
1005 1632 1157 1704 Hirschigio
1178 1634 1204 1685 in
1224 1630 1287 1683 Phi·

185 1720 268 1790 lolog.
287 1717 336 1779 lX,
357 1719 406 1771 734
426 1731 577 1772 contortam
597 1721 744 1772 orationem
764 1719 789 1770 in
807 1718 929 1770 librarios
950 1719 1057 1771 habenti
1080 1721 1123 1771 vix
1150 1714 1287 1788 estquod

188 1805 353 1857 assentiaris.

258 1889 292 1942 14
328 1889 342 1958 ξ
362 1888 378 1941 6
396 1885 497 1959 ἀνάγκη
517 1885 548 1942 δὲ
566 1886 756 1942 κινδυνεύοντα
781 1892 848 1959 περὶ
873 1886 946 1955 αύτῷ
971 1889 1020 1940 καί
1040 1885 1095 1940 πού
1113 1907 1140 1939 τι
1158 1890 1205 1938 καί
1226 1883 1288 1949 ἐξα·

187 1974 314 2046 μαρτεῒν.
351 1974 439 2028 Valde
458 1976 518 2028 mibi
538 1977 637 2028 arridet
655 1975 792 2028 Maetzneri
814 1974 918 2043 opinio,
937 1983 997 2026 ante
1015 1974 1064 2026 καί
1078 1992 1133 2025 πον
1152 1971 1288 2025 excidisse

188 2046 298 2097 verbum
327 2044 443 2115 aliquod.
490 2044 644 2116 [tegendum
673 2052 766 2097 censet
793 2044 835 2096 ille
855 2044 893 2095 vir
912 2044 1010 2096 doctus
1030 2039 1130 2112 ἀνάγκη
1151 2037 1181 2093 δὲ
1199 2036 1289 2092 κινδν·

188 2125 302 2180 νεύοντα
320 2134 386 2200 περὶ
405 2125 477 2196 αύτῷ
507 2126 747 2197 ἐκπληχθῆναι
773 2131 822 2181 καί
843 2125 898 2180 πού
919 2146 948 2179 τι
965 2131 1011 2179 καὶ
1033 2125 1209 2198 ἐξαμαρτεῖν.
1247 2125 1298 2180 (Ίῖ

190 2229 234 2276 ea,
253 2229 312 2283 quta
331 2212 451 2284 disputat
470 2215 495 2266 in
514 2214 694 2266 Commentar.
712 2234 739 2284 p.
759 2215 810 2266 202
828 2231 871 2283 sq.

262 2298 294 2348 15
331 2297 381 2367 §8
407 2298 489 2351 τούτο
517 2295 587 2364 apta
619 2294 736 2360 διδάξω,
755 2294 787 2348 ού
804 2297 843 2364 τῷ
863 2295 972 2368 φεύγειν
998 2293 1032 2349 όν
1058 2298 1090 2349 τό
1119 2293 1229 2362 πλῆθος
1255 2297 1288 2349 τό

191 2376 324 2452 ύμίτερον
340 2410 352 2424 -
368 2412 380 2425 -
398 2379 452 2434 ἀλλ’
469 2380 515 2433 ἵνα
531 2372 552 2456 ᾖ
567 2379 703 2453 τεκμήρια
720 2377 833 2450 apta...
866 2380 904 2434 Ού
922 2382 962 2449 τῷ
981 2379 1090 2452 φεύγειν
1107 2391 1179 2434 recte
1195 2379 1289 2435 Mata-

190 2483 238 2519 ner
256 2485 283 2536 p.
301 2465 353 2518 203
380 2485 444 2521 non
473 2486 536 2538 quo
566 2468 733 2540 defugiam
762 2469 901 2521 convertit.
947 2467 1004 2520 Sed
1030 2485 1085 2520 non
1104 2477 1158 2519 tarn
1178 2484 1290 2521 causam

193 2551 298 2604 dativus
317 2553 342 2604 b.
360 2553 378 2605 l.
398 2553 529 2624 signifieat
548 2572 626 2624 quam
646 2554 687 2618 id,
706 2572 759 2626 quo
780 2555 839 2624 quis
859 2553 983 2615 intendit,
1003 2552 1037 2605 ad
1057 2552 1131 2623 quod
1145 2554 1204 2624 quis
1224 2570 1290 2624 spe·

193 2646 249 2689 etat
266 2639 413 2709 (syftningl-
450 2639 510 2691 Hoc
529 2639 585 2710 jani
608 2640 672 2692 vidit
691 2640 829 2701 Reislrins,
858 2640 902 2708 qui
929 2640 968 2691 sic
997 2640 1197 2708 interpretatur:
1223 2633 1291 2690 ”ούκ

194 2718 242 2773 ἐπὶ
268 2720 307 2787 τῷ
332 2719 441 2792 φεύγειν
458 2751 470 2765 -
486 2722 597 2790 ·1.οόχ
624 2721 699 2779 όπονε
722 2721 879 2794 φεύγοιμι.”
924 2723 992 2775 Huic
1012 2721 1044 2774 ού
1061 2723 1101 2790 τῷ
1120 2721 1230 2794 φεύγειν
1246 2740 1290 2777 re·

195 2805 314 2876 spondet
331 2807 372 2869 id,
400 2809 474 2878 quod
501 2808 568 2861 infra
587 2820 642 2872 est,
669 2806 723 2862 ἀλλ’
740 2808 787 2862 ‘iva
802 2800 822 2884 ᾗ
838 2806 895 2861 κτλ.
933 2810 1051 2862 Similem
1070 2809 1291 2880 significationem

195 2891 301 2945 dativus
320 2893 402 2946 habet
420 2893 491 2965 apud
510 2893 651 2954 Demostb.
671 2898 695 2960 6,
716 2897 760 2959 13;
779 2897 804 2959 5,
822 2897 851 2947 ‘21
873 2899 953 2966 (quos
967 2896 1045 2948 locos
1058 2895 1163 2948 Maetzn.
1182 2893 1293 2956 laudati.

196 2976 236 3030 Cf.
255 2995 363 3050 quoque
383 2979 486 3033 Andoc.
505 2980 551 3042 Ill,
571 2981 612 3043 18,
631 2999 709 3052 quem
727 2982 816 3034 locunt
836 2982 875 3033 sic
894 2999 945 3050 ego
964 2980 1157 3033 restituendum
1179 2996 1293 3032 censeo:

196 3061 352 3130 νενικήκασι
366 3067 419 3135 γόρ
437 3071 498 3136 τρίι
518 3061 572 3132 ἤδη
591 3066 746 3136 μαχόμενοι
763 3065 826 3119 τότε
841 3065 893 3132 μὲν
911 3063 940 3118 ἐν
956 3066 1090 3137 Κορίνθῳ
1110 3063 1215 3119 πάντας
1226 3082 1294 3116 πον·

198 3141 281 3214 δημεί
298 3151 362 3204 τοία
388 3148 544 3218 ονμμόχοντ
566 3149 715 3221 παρόντας,
737 3149 785 3216 οὐχ
804 3147 983 3204 ύπολιπόντετ
1000 3149 1145 3222 πρόφασιν
1164 3147 1297 3218 ούδεμίαν

198 3228 252 3283 ἀλλ’
283 3229 303 3298 ἢ
326 3233 371 3300 τῷ
398 3233 586 3304 κρατιστεύειν
601 3234 685 3301 μόνον
702 3232 822 3296 πάντων,
847 3224 928 3287 arides
954 3229 1025 3286 δ’ἐν
1046 3238 1227 3291 Βοιωτοῖς
1251 3238 1297 3303 (ex

199 3316 267 3386 conj.
287 3315 415 3387 Saupp),
434 3315 472 3370 ὅτ’
492 3317 581 3370 αὐτῶν
595 3317 757 3389 Ἀγησίλαος
772 3316 876 3388 ἡγεῖτο,
895 3321 944 3370 τόν
961 3316 1044 3371 αὐτόν
1062 3319 1168 3392 τρόπον
1185 3325 1232 3372 καί
1250 3317 1297 3373 ὅτε

199 3402 251 3465 τήν
275 3397 325 3461 [ἓν
347 3404 530 3472 Κορίνθῳ]
552 3404 629 3468 νίκην
652 3400 818 3469 ἐποιήσαντο
838 3400 894 3455 κτλ.
931 3404 972 3457 l)e
991 3401 1045 3456 ἀλλ’
1065 3402 1085 3470 ἢ
1101 3405 1140 3472 τῷ
1157 3423 1207 3476 pro
1227 3406 1298 3477 vulg.

200 3479 255 3535 ἀλλ’
275 3482 304 3537 ἕν
321 3485 360 3552 τῷ
376 3487 432 3557 jam
460 3487 524 3539 vidit
551 3486 680 3539 Luzacius
710 3505 752 3557 ap.
772 3488 879 3540 Stoicen
898 3507 925 3559 p.
945 3490 995 3541 138
1015 3488 1044 3542 ἓν
1062 3492 1087 3542 in
1105 3487 1125 3556 ἢ
1142 3491 1297 3543 mutandum

201 3586 278 3636 esse,
306 3571 354 3625 sed
383 3574 408 3626 in
428 3590 460 3626 eo
480 3590 568 3626 verum
597 3591 651 3626 non
678 3574 743 3626 vidit
762 3575 801 3625 vir
819 3572 931 3636 doctus,
950 3576 1022 3645 quod
1041 3578 1073 3627 τὸ
1093 3593 1142 3646 pro
1160 3573 1199 3641 aqi
1218 3577 1299 3629 scribi

141 3671 142 3674 ’
201 3657 366 3726 postulabat·
403 3658 442 3712 Ut
459 3661 510 3727 τὴν
527 3657 557 3712 ἕν
573 3661 707 3728 Κορίνθῳ
729 3660 808 3714 scribi
826 3660 934 3724 vellem,
953 3662 1035 3713 movit
1048 3679 1089 3714 rue
1108 3679 1193 3713 rerum
1214 3662 1299 3714 facta·

203 3760 258 3794 rum
278 3745 389 3807 veritas,
408 3746 538 3816 siquidem
558 3745 669 3798 eosdem
688 3747 745 3800 sere
764 3747 797 3800 ad
823 3746 977 3800 Corinthum
1007 3756 1101 3799 contra
1128 3746 1301 3801 Lacedaemo·

203 3831 263 3882 nios
283 3843 434 3901 pugnasse,
454 3850 523 3902 quos
544 3831 577 3885 ed
597 3831 761 3894 Coroneam,
790 3834 867 3885 testis
892 3841 935 3886 est
952 3832 1108 3903 Xenophon
1129 3832 1233 3886 Hellen.
1254 3833 1301 3896 lV,

204 3917 228 3978 9,
247 3917 280 3967 16
299 3933 340 3986 sq.
359 3917 383 3977 3,
403 3917 435 3966 15
455 3935 517 3986 sqq.
552 3917 610 3970 Nec
628 3936 670 3971 me
690 3918 819 3972 deterruit
837 3937 868 3973 ea
887 3936 944 3983 res,
964 3919 1051 3990 quod,
1071 3919 1093 3970 si
1113 3914 1142 3969 ἐν
1165 3919 1301 3987 Κορίνθῳ

203 4002 389 4073 scripsissent,
408 4000 552 4054 timendum
572 4003 632 4055 mihi
651 4013 739 4066 esset,
756 4022 790 4057 ue
809 4005 958 4058 eorundem
975 4006 1115 4058 verborum
1134 4004 1302 4056 iterationem

206 4088 340 4141 Andocidi
351 4087 433 4141 invito
444 4087 626 4142 obtruderem.
653 4087 735 4152 Quod
752 4090 833 4160 longe
852 4107 932 4142 serus
952 4099 1001 4143 est
1028 4091 1057 4143 ln
1077 4090 1218 4143 verborum
1233 4089 1303 4141 euim

205 4175 346 4228 iteratione
365 4174 474 4228 multum
494 4190 557 4227 esse
576 4172 746 4227 Andocidem
769 4174 810 4227 vel
837 4175 863 4227 bi
886 4175 938 4228 loci
962 4175 1121 4239 ostendent,
1140 4193 1179 4227 or.
1197 4174 1235 4227 lll
1254 4174 1268 4243 ξ
1287 4174 1304 4226 7
