2940 5026
327 367 347 431 li

280 535 352 602 fore
380 535 476 611 duxi,
499 535 529 599 si
554 535 630 618 quis
652 533 696 599 ad
720 543 887 599 oratorum
912 532 1104 599 Graecorum
1126 534 1257 601 dicendi
1280 538 1391 603 virtu·

279 648 330 703 tes
365 634 590 723 explanandas
623 637 668 700 ita
695 658 732 701 se
755 635 934 709 conferret,
956 647 994 700 nt
1017 658 1033 700 a
1057 636 1226 702 rhetorum
1248 638 1388 703 illorum

277 739 420 804 decretis
444 738 707 824 proficisceretur
730 748 763 802 et
785 737 828 802 ad
852 759 964 801 ecrmn
986 738 1078 824 leges
1095 749 1128 803 et
1142 739 1390 824 expositiones,

277 841 389 928 quoad
411 841 484 926 ejus
507 839 576 903 fieri
598 847 730 924 posset,
746 839 874 924 singula
889 850 1070 904 revocaret
1092 840 1165 926 Ego
1183 862 1263 904 vcro
1279 861 1389 925 quum

274 964 382 1028 neque
405 962 532 1007 omnem
556 941 619 1003 vim
641 940 770 1005 dicendi
789 940 963 1025 complecti
979 963 1030 1006 me
1046 963 1147 1027 posse
1163 941 1311 1006 viderem
1329 964 1389 1007 ne·

277 1064 342 1129 que
365 1043 523 1117 omnium,
547 1043 602 1126 qui
625 1043 657 1105 in
680 1042 746 1106 hoc
767 1064 886 1127 genere
910 1052 1037 1116 essent,
1060 1043 1158 1107 licere
1180 1043 1258 1107 mihi
1282 1045 1389 1109 ratio·

276 1166 352 1208 nem
379 1143 516 1219 habere,
540 1165 605 1207 non
629 1143 741 1207 inutile
764 1165 839 1207 esse
863 1144 975 1228 putavi
998 1166 1125 1217 eorum,
1148 1164 1224 1228 quae
1246 1142 1290 1208 ad
1315 1145 1389 1209 elo·
1449 1164 1452 1169 ·

278 1247 444 1331 quentiam
467 1245 684 1330 pertinerent,
706 1266 803 1309 unam
826 1245 967 1329 aliquam
991 1254 1116 1329 partem
1132 1243 1291 1331 deligere,
1309 1266 1389 1331 quet

279 1347 370 1432 apud
393 1345 557 1431 quosdam
581 1356 732 1410 oratores
755 1367 820 1431 qua
842 1346 874 1409 iu
899 1346 1026 1410 ratione
1056 1357 1159 1419 esset,
1194 1366 1293 1430 quam
1317 1370 1390 1413 rna·

278 1448 366 1512 xime
381 1469 515 1533 possem
533 1446 704 1522 distincte,
719 1468 926 1533 exponerem.
953 1446 1002 1510 De
1024 1469 1157 1511 rernm
1180 1447 1281 1533 igitur
1304 1447 1389 1513 dis·

278 1549 490 1633 positione
523 1548 612 1635 apud
644 1549 939 1634 Antiphontem
962 1556 996 1611 et
1020 1546 1287 1623 Andocidem,
1312 1571 1390 1615 ora-

280 1658 374 1714 tores
395 1650 541 1727 Atticos,
565 1673 712 1736 quaerere
735 1650 891 1715 constitui
913 1649 973 1724 ita,
996 1659 1032 1713 ut
1055 1650 1097 1714 ab
1120 1649 1324 1715 Anaximene
1340 1650 1390 1717 rei

280 1751 463 1816 tractandae
491 1753 651 1838 principia
684 1762 865 1837 repeterem
900 1748 942 1813 ad
969 1751 1107 1836 ejusque
1131 1750 1221 1836 leges
1245 1762 1279 1815 et
1302 1772 1392 1836 prae·

280 1862 378 1937 cepta
410 1852 565 1918 referrem
597 1875 651 1928 ca,
685 1873 760 1937 quae
794 1851 836 1916 de
858 1851 922 1915 hac
943 1873 979 1914 re
1002 1853 1132 1936 cognita
1156 1865 1190 1914 et
1211 1851 1391 1937 explorate

280 1950 445 2017 haberem.
492 1953 565 2034 Qua
588 1976 624 2018 re
647 1953 732 2018 effici
760 1953 880 2017 inillis
904 1953 1123 2038 scriptoribus
1146 1974 1249 2037 posse
1272 1975 1392 2039 spora-

280 2054 371 2130 bam,
394 2065 431 2120 ut
454 2067 487 2120 et
509 2054 551 2120 ad
575 2056 761 2120 universam
782 2054 970 2119 facultatem
988 2055 1163 2119 oratoriam
1179 2075 1293 2118 eorum
1314 2055 1393 2121 illn-

282 2156 452 2220 strandam
477 2166 510 2220 et
531 2155 573 2219 ad
598 2157 748 2241 singulos
772 2156 866 2219 locos
890 2167 947 2218 aut
962 2155 1077 2218 melius
1094 2155 1313 2240 explicandos
1331 2167 1392 2223 aut

281 2257 404 2321 rectius
428 2253 653 2320 emendandos
677 2254 800 2339 aliquid
820 2253 1034 2318 conferretur.

370 2355 440 2421 Sed
473 2365 599 2440 quaerat
624 2354 763 2419 forsitan
786 2355 963 2440 quispiam,
987 2377 1052 2439 qua
1074 2378 1109 2420 re
1132 2366 1318 2422 commotus
1342 2356 1392 2424 fe-

284 2457 398 2531 cerim,
420 2466 458 2521 nt
480 2455 523 2520 ad
546 2456 778 2521 Anaximenen
802 2457 1008 2542 potissimum
1031 2457 1238 2532 accederem,
1256 2456 1393 2525 Aristo·

283 2556 397 2632 telem,
420 2578 581 2621 summum
604 2556 695 2621 illum
719 2559 763 2623 rei
780 2559 954 2623 rhetoricae
970 2559 1233 2642 explanatorem,
1248 2559 1393 2626 missum

283 2658 434 2724 facerem.
479 2658 532 2724 Ad
555 2659 627 2723 haec
649 2672 682 2722 et
703 2660 814 2723 brevis
839 2661 899 2723 erit
921 2673 954 2724 et
976 2657 1081 2723 facilis
1104 2659 1291 2742 responsio.
1314 2662 1395 2725 Ari-

285 2761 424 2824 stoteles
458 2761 542 2825 enim
566 2781 667 2844 quum
689 2782 756 2824 rem
780 2761 877 2824 altius
901 2759 1112 2846 repetendam
1136 2759 1274 2825 duxisse
1296 2762 1396 2829 vide·

285 2873 375 2935 atur,
398 2883 417 2925 a
440 2882 530 2926 more
564 2861 733 2925 rhetorum
767 2860 948 2925 abhorrens
986 2861 1086 2947 paulo
1110 2862 1264 2926 subtilius
1288 2884 1393 2948 quam

286 2986 348 3050 pro
371 2963 434 3030 fori
456 2986 521 3029 usu
544 2967 804 3048 concicnnmque
826 2964 1057 3027 certaminibus
1081 2961 1271 3048 disputavit.
1300 2962 1393 3031 Con·

286 3075 338 3132 tra
361 3089 399 3132 ea
422 3067 641 3132 Anaximenes
666 3065 774 3130 omnia
796 3065 839 3129 ad
855 3086 1027 3129 causarum
1045 3066 1212 3127 veritatem
1230 3064 1394 3131 civilium·

288 3190 352 3255 quo
383 3167 659 3252 disceptationum
682 3165 955 3229 consuetudinem
979 3162 1183 3227 conformate
1205 3185 1395 3234 accommo-

288 3266 422 3331 davit¹⁰.
514 3260 518 3277 '

289 3433 344 3487 und
364 3451 396 3486 so
416 3452 496 3505 gcoss
515 3436 552 3488 ist
571 3434 614 3487 die
633 3432 830 3496 Aeltnlichlreit,
857 3433 923 3487 dass
950 3451 1011 3488 man
1039 3433 1079 3486 oft
1102 3434 1136 3485 im
1155 3433 1265 3487 Zweifel
1283 3434 1333 3498 ist,
1353 3437 1393 3491 ob

290 3520 333 3573 die
352 3518 438 3574 Lehre
457 3537 506 3573 aas
525 3519 574 3574 der
591 3519 668 3573 Rede
686 3536 859 3591 genommen,
886 3519 953 3572 oder
971 3518 1140 3589 umgelrehrt,
1166 3517 1209 3573 die
1237 3519 1313 3573 Rode
1342 3521 1395 3577 der

289 3604 376 3660 Leltre
395 3605 450 3659 und
468 3605 621 3660 Vorschrist
642 3606 801 3677 angeeignet
817 3603 927 3657 worden
946 3605 1007 3658 ist”

361 3695 394 3746 10
413 3691 495 3762 Cujus
516 3693 654 3746 sententie
675 3699 811 3744 auctorem
829 3689 916 3742 habeo
936 3692 1002 3743 satis
1030 3690 1192 3761 locupletem
1219 3689 1393 3746 Leonardnm

291 3774 479 3846 Spengelium,
497 3780 686 3847 peritissimum
704 3778 796 3831 lterum
815 3793 901 3829 rerum
916 3777 1133 3829 existimatorem.
1151 3804 1183 3815 -
1203 3803 1236 3814 -
1254 3773 1305 3844 '’ja,
1323 3774 1393 3832 dass

291 3860 335 3913 ich
354 3861 414 3912 lrein
432 3860 577 3915 Bedenlren
602 3873 691 3934 trago,
719 3863 771 3916 den
796 3862 893 3915 Werth
918 3862 1007 3916 dieser
1026 3861 1154 3915 Rhetorilr
1172 3861 1198 3922 (i.
1216 3876 1240 3912 e.
1259 3858 1336 3913 Rhet.
1356 3863 1393 3916 ad

292 3946 383 4015 Alex)
409 3944 460 3998 fni
486 3963 545 3999 une
573 3965 642 4000 rum
672 3949 917 4002 Verstendniss
945 3948 1002 4001 der
1029 3946 1140 4000 Redeo
1166 3945 1223 3998 der
1242 3945 1340 4000 Alton
1359 3974 1393 3990 -

295 4032 367 4085 nicht
386 4049 433 4084 zur
452 4029 610 4084 Erkentniss
630 4032 678 4084 der
698 4033 912 4085 Beredtsamlreit
930 4051 963 4086 an
983 4033 1039 4084 sich
1059 4062 1091 4072 —
1111 4031 1202 4091 hdlrcr,
1221 4031 1261 4084 als
1281 4031 1333 4085 den
1344 4032 1396 4087 der

295 4117 520 4172 Aristotelischen
540 4115 761 4186 anzuschlagen.''
797 4115 928 4169 Zeitschr.
945 4117 963 4170 f.
982 4115 1394 4189 Attenh.wiss.1840,p.1aee.

301 4200 341 4255 Cf.
359 4202 442 4269 ldem,
461 4203 553 4259 Ueber
571 4202 620 4256 das
640 4202 719 4256 Stud.
737 4201 785 4256 der
802 4201 881 4255 Rhet.
899 4201 967 4272 pil
982 4220 1023 4273 sq.
1035 4220 1060 4272 p.
1074 4202 1116 4255 23.
1132 4200 1249 4256 Usener.
1263 4203 1306 4258 tl.
1317 4220 1342 4274 p.
1354 4203 1397 4257 30.
