2940 5026
322 364 367 433 at)

279 547 370 598 ctum
394 543 478 608 erat,
503 555 577 609 eoo,
600 533 656 616 qui
680 531 803 597 chorus
827 537 1171 619 erant‚pueros'domi
1192 538 1384 602 suaealebat

280 645 316 700 et
338 635 539 699 instituebat.
584 633 647 698 Ubi
671 656 773 718 quum
796 657 838 698 ex
861 636 964 699 choro
990 659 1071 720 puer
1087 638 1234 722 quidam,
1252 642 1381 704 nomine

280 737 467 810 Diodotum
502 757 629 798 veneno
663 733 784 799 hausto
809 748 958 801 mortuus
989 751 1087 809 esset,
1111 739 1211 804 frater
1235 743 1326 825 pueri
1351 754 1384 804 et

285 838 464 922 propinqui
499 839 570 923 ejus
612 837 799 922 Choragnm
822 839 1026 921 βουλεύσεως
1059 861 1269 915 accusarunt,
1294 843 1382 927 quod

282 962 418 1025 puerum
443 962 569 1003 veneno
593 939 830 1003 absumendum
854 953 1011 1007 curasset.
1056 942 1173 1007 Partes
1192 943 1293 1029 hujus
1310 966 1381 1007 ora-

282 1041 380 1104 tionis
405 1053 482 1104 sunt

324 1145 558 1228 Προοίμιον.
582 1141 599 1224 §
626 1142 736 1206 1-10.

280 1245 303 1308 l.
347 1243 371 1327 ¹)
396 1245 429 1331 a)
453 1245 678 1308 Periculosum
702 1252 753 1307 est
765 1244 967 1328 temporibus
980 1245 1151 1329 implicari,
1165 1246 1290 1310 etiamsi
1305 1249 1378 1331 quis

346 1346 407 1409 sibi
431 1347 583 1410 conscius
602 1346 653 1413 sit.
666 1344 745 1407 nihil
758 1344 911 1408 facinoris
925 1368 942 1408 a
956 1367 991 1408 se
1002 1348 1213 1410 commissum
1227 1370 1308 1411 esse.
1323 1350 1339 1432 ξ
1355 1352 1379 1412 l.

325 1449 356 1536 b)
380 1447 430 1510 De
453 1447 559 1532 legum
584 1447 782 1531 praestantia.
806 1447 823 1530 §
847 1445 874 1509 2.

323 1549 349 1624 ²)
373 1549 610 1612 Gravissimum
633 1558 684 1612 est
707 1547 880 1633 diligenter
904 1547 945 1611 de
969 1571 1003 1612 re
1027 1550 1221 1633 quaerere⁴¹.
1245 1551 1262 1634 ᾗ
1285 1552 1378 1614 3-6.

345 1647 403 1714 ἐπὶ
425 1648 462 1713 τὸ
486 1652 672 1734 προσέχειν.

281 1753 320 1817 ll.
344 1753 420 1817 Non
453 1752 594 1815 civitatis
629 1751 800 1813 utilitatem
835 1760 1024 1834 spectantes
1049 1752 1208 1815 actionem
1232 1751 1380 1816 institue-

345 1863 421 1917 runt
443 1860 669 1925 accusatorem
692 1852 751 1915 sed
777 1853 827 1916 sui
852 1852 1058 1915 emolumenti
1072 1874 1171 1916 causa
1184 1854 1220 1916 ⁴².
1234 1853 1251 1936 ξ
1265 1856 1379 1918 7-10.

344 1953 430 2040 πρὸς
457 1949 596 2018 εὔνοιαν.
625 1954 799 2034 κακολογία
823 1953 854 2038 (§
878 1957 921 2032 7).
935 1951 1154 2038 -πρόθεοις
1176 1953 1208 2038 (§
1231 1954 1273 2036 8).
1297 1978 1377 2040 προ-

345 2055 531 2142 κατάληψις
557 2053 588 2138 l§
605 2056 732 2139 9-10).

320 2152 553 2239 ἀπαγγελία.
579 2156 596 2239 §
623 2157 754 2220 11-13.

345 2256 522 2338 Quomodo
535 2257 671 2319 chorum
688 2257 942 2340 comparaverit,
956 2258 1153 2333 exercuerit,
1166 2259 1281 2322 aluerit
1293 2282 1380 2334 reue,

343 2372 501 2421 narratur.

321 2461 537 2543 βεβαίωσις
559 2459 634 2544 (τῶν
659 2478 875 2544 κατηγοροομ.
898 2456 985 2540 irio.)
1009 2459 1026 2542 ἓ
1046 2459 1178 2522 14-51.

278 2561 302 2625 I.
348 2562 372 2645 ¹)
391 2562 424 2648 a)
449 2561 570 2626 Verum
595 2585 614 2625 a
636 2583 686 2623 me
711 2560 832 2623 dictum
857 2582 940 2633 esse,
963 2582 1024 2623 nec
1036 2571 1247 2624 accusatores
1261 2583 1378 2646 negare

342 2671 507 2746 poterunt,
531 2663 621 2736 etii,
644 2662 699 2747 qui
723 2662 949 2736 circumstant,
972 2661 1077 2745 probe
1101 2663 1216 2724 sciunt.
1240 2660 1318 2744 §14¹

323 2765 354 2851 b)
377 2765 448 2830 Nec
470 2763 625 2848 imperavi
651 2784 769 2847 puero,
793 2772 828 2826 ut
851 2784 1011 2826 venenum
1034 2762 1175 2836 biberet,
1199 2783 1260 2825 nec
1275 2763 1377 2846 coligi,

343 2886 403 2928 nec
427 2863 504 2927 dedi
527 2864 654 2938 bibere,
678 2887 737 2928 nac
760 2864 903 2928 bibendo
927 2863 1025 2928 adfui.
1050 2863 1068 2947 ὅ
1088 2865 1133 2928 15.
1155 2902 1188 2911 -
1205 2865 1377 2949 μαρτυρία.

321 2966 347 3042 ²)
370 2966 438 3031 Sed
473 2965 519 3028 illi
553 2975 659 3029 tamen
693 2967 795 3052 jurati
829 2965 998 3038 dixerunt,
1021 2988 1039 3029 a
1062 2989 1113 3030 me
1137 2987 1274 3050 puerum
1298 2965 1377 3028 dolo

342 3067 428 3130 malo
452 3056 656 3131 interfectum
681 3090 754 3132 esse
766 3067 802 3129 ⁴³.
826 3066 844 3150 ἕ
870 3067 1002 3130 16-17.

348 3253 381 3303 41
418 3249 561 3314 §natm
589 3256 635 3303 καὶ
664 3251 697 3303 ἄν
721 3269 764 3304 τις
787 3252 877 3323 κτείνῃ
907 3252 968 3301 τινὰ
988 3242 1026 3301 ὦν
1053 3246 1135 3303 αὐτὸς
1154 3251 1322 3321 annutiant
1340 3253 1378 3318 μὴ

276 3335 370 3389 ἔστιν
397 3331 412 3386 ὁ
437 3333 614 3404 τιμωρήσων.
659 3340 716 3388 Καὶ
738 3335 812 3387 ἔστιν
829 3353 882 3388 non
902 3336 1009 3387 tolerari
1029 3345 1122 3404 potest
1141 3346 1205 3405 post
1224 3333 1258 3388 ἃν
1275 3338 1378 3409 κτείνῃ,

278 3438 359 3494 qnare
379 3431 424 3471 aut
442 3419 550 3471 Baitero
570 3421 771 3473 assentiendum
791 3430 835 3473 est
853 3421 1005 3490 conjectura
1020 3432 1147 3472 assecuto
1168 3415 1223 3473 uei
1237 3423 1275 3488 μὴ
1294 3419 1377 3482 ἔστιν,

277 3516 323 3562 ant
341 3505 511 3559 scribendum
529 3502 591 3557 xiia
607 3502 712 3575 μήτις
729 3497 758 3578 ᾖ.
797 3506 930 3569 (EOTIN
943 3527 974 3553 =
992 3506 1124 3570 HITIO).

348 3595 382 3646 42
418 3591 583 3661 §Mitem
598 3597 664 3663 περὶ
680 3585 838 3643 τῶνᾶλλων
856 3581 894 3641 ὦν
912 3581 989 3640 οὗτοι
1006 3590 1214 3661 κατηγοροῦσιν,
1241 3586 1290 3640 a'olv
1316 3585 1380 3654 ὑμῖν

277 3674 425 3746 ἡδομένοις
437 3668 501 3750 [aih
514 3674 687 3746 βουλήσομαι
701 3673 941 3746 ἀπολογήσασθαι.
979 3675 1024 3727 sie
1038 3675 1134 3737 Bella,
1153 3674 1256 3736 Deba,
1276 3673 1380 3734 liciole,

276 3764 411 3818 Maetzner.
448 3762 534 3815 Codd.
553 3762 579 3815 N
593 3759 618 3816 A
632 3764 652 3815 B
667 3764 688 3816 Z
701 3763 730 3816 M
749 3783 771 3815 v.
789 3753 808 3835 ᾖ
829 3763 966 3823 omittunt,
984 3762 1157 3832 similiterque
1172 3761 1275 3813 Turicc.
1291 3759 1333 3810 oll-
1344 3758 1380 3820 V,

275 3850 324 3915 323
343 3850 383 3901 91.
403 3849 494 3901 Recte.
531 3847 571 3900 Cf.
589 3850 699 3920 Antiph.
718 3848 753 3912 V,
773 3847 813 3900 88.
833 3847 879 3911 Vl,
899 3850 929 3912 43
947 3846 971 3899 6.
993 3845 1272 3912 Andoc.1,13t11‚
1293 3847 1331 3898 10.
1351 3854 1378 3898 et

276 3936 412 3990 Maetzncr.
449 3933 628 3986 Commentar.
647 3953 673 4005 p.
691 3933 742 3986 216
762 3953 802 4004 sq.

347 4020 381 4073 43
419 4018 489 4084 §16
507 4014 684 4085 διομόσαιτο
704 4015 734 4071 δὲ
754 4012 899 4086 aulcorata
916 4015 1079 4070 ἀποκτεῖναί
1100 4036 1135 4085 με
1153 4013 1292 4070 Attilam
1317 4021 1381 4084 βου·

276 4104 409 4159 λούσαντα
426 4107 476 4159 τὸν
492 4099 626 4164 θάνατον,
654 4099 707 4173 ἐγώ
727 4098 758 4154 δὲ
775 4098 813 4170 μή
832 4099 1003 4163 ἀποκτεῖναι,
1033 4098 1104 4168 μήτε
1129 4106 1224 4172 χειρὶ
1250 4097 1380 4172 ἀράμε-
