2940 5026
345 383 367 446 8

296 550 490 639 μηγορικόν)
501 559 534 616 et
541 550 700 637 judiciale
711 549 918 634 (δικανικόν),
935 551 1064 636 species
1080 548 1176 638 (εἴδη)
1191 559 1299 616 autem
1311 551 1399 617 dixit

291 675 374 719 esse
406 664 551 738 septem,
585 652 747 717 suadendi
771 651 1036 739 (προτρεπτικόν)
1060 652 1277 718 dissuadendi
1300 648 1397 736 (ctuo-

294 774 493 788 m-

294 823 331 876 ris
350 823 465 893 propria
484 824 551 886 sint,
578 822 627 876 sed
647 823 770 877 omnibus
798 823 951 894 promiscue
981 822 1123 892 generibus
1143 840 1305 877 communes.
1341 823 1394 875 At-

294 925 347 980 que
365 909 546 962 Anaximenes
565 911 673 961 nomina
691 918 796 979 septem
815 909 928 980 partium
947 911 1053 978 posuit,
1071 908 1121 961 sed
1140 910 1214 980 ipsas
1237 919 1327 979 partes
1352 906 1395 960 in·

294 994 382 1047 sciens
402 1003 428 1047 et
447 993 601 1064 imprudens
621 995 750 1046 statuisse
777 992 882 1045 videtur
905 1010 968 1045 esse
988 1003 1059 1047 octo.
1105 992 1286 1047 Distribuendi
1312 992 1396 1063 igitur

292 1080 361 1133 ratio
389 1081 422 1132 ab
449 1080 495 1134 illo
514 1080 576 1132 inita
595 1080 651 1132 haec
671 1079 731 1131 mihi
750 1078 854 1130 videtur
871 1078 968 1130 titisse:

700 1164 778 1232 γένος
796 1158 984 1235 δημηγορικὸν

475 1279 691 1349 προτρεπτικόν.
981 1277 1206 1351 ἐγκωμιαστικὸν.

475 1361 691 1435 άπατρεπτικάν.
979 1366 1119 1436 ψεκτικδν.

604 1542 609 1568 η
724 1504 802 1573 γδνσς
821 1498 961 1554 δικανικὸν

373 1566 1117 1676 secordias-xm
1137 1599 1228 1656 ἑαυτά.

373 1683 583 1758 άπσλογητικάν.
783 1687 823 1751 ε’ξ.
842 1690 914 1759 πρὸς
932 1683 996 1740 ἄλλο
1015 1684 1389 1761 (σσμπαραλαμβανάμενσν).

837 1773 869 1825 οΙ.
888 1791 910 1824 c.
931 1776 946 1824 5
965 1783 992 1825 et
1014 1775 1056 1825 37.

288 1855 349 1910 Hoc
367 1858 458 1922 modo,
490 1860 610 1929 quamvis
642 1877 696 1911 tion
726 1875 839 1928 prorsus
860 1869 934 1929 apte,
964 1860 1113 1911 institutam
1144 1867 1233 1911 tamen
1260 1875 1325 1911 esse
1353 1857 1389 1910 ab

288 1942 455 1996 Anaximene
483 1943 638 1997 divisionem
667 1945 790 1997 arbitror.
836 1943 938 2008 Quare,
957 1946 980 1997 ai
999 1963 1052 1997 non
1073 1955 1177 2016 nperte,
1196 1952 1223 1995 at
1241 1959 1303 1996 vere
1322 1959 1389 2013 spe-

287 2028 342 2081 cies
360 2031 503 2100 generibus
533 2028 670 2099 subjectas
698 2031 789 2082 voluit.
834 2028 918 2098 Cujus
939 2030 1045 2099 quidem
1067 2031 1105 2083 rei
1133 2028 1246 2098 vestigia
1271 2029 1297 2080 iu
1325 2027 1388 2098 ipso

286 2113 354 2166 libro
373 2115 415 2168 hic
433 2116 485 2169 illic
504 2126 641 2186 apparent.
678 2113 765 2178 Quum
784 2115 853 2166 enim
866 2131 923 2184 cap.
938 2115 978 2166 18.
993 2134 1018 2184 p.
1032 2115 1091 2176 204,
1102 2112 1212 2167 28030.
1225 2112 1267 2170 ed.
1279 2112 1388 2166 Teubn.

285 2199 379 2265 (1853)
397 2199 431 2252 de
450 2201 640 2269 anticipatione
667 2195 900 2268 (προκαταλήψει)
927 2200 1026 2268 agitur,
1053 2199 1112 2267 ejus
1143 2201 1180 2251 rei
1207 2199 1332 2252 tractatio
1359 2199 1388 2252 in

286 2285 355 2337 duas
383 2295 474 2355 partes
504 2285 638 2346 dividitur,
667 2300 778 2352 quarum
805 2301 857 2336 una
885 2283 920 2335 de
947 2278 1132 2353 δημηγορίαις
1150 2295 1206 2346 est,
1237 2285 1320 2336 altera
1351 2283 1389 2336 de

287 2365 499 2439 daxeeoloylaas:
527 2367 556 2421 ἐν
579 2368 632 2437 μὲν
657 2358 705 2419 oie
731 2369 793 2422 τοῖς
811 2363 996 2437 δημηγορίαις
1015 2364 1086 2420 οὕτω
1104 2373 1150 2420 καὶ
1167 2370 1229 2423 ταῖς
1245 2387 1390 2440 προκατα·

284 2449 387 2524 λήψεσι
404 2455 539 2523 χρηστέον
555 2456 601 2504 καὶ
618 2453 679 2506 τοῖς
698 2448 836 2522 θσράβοις
854 2448 1044 2518 ἀπαντητέον·
1069 2449 1098 2503 ἰν
1116 2448 1147 2505 δὲ
1164 2456 1227 2508 ταῖς
1247 2450 1390 2506 δικαιολσ·

284 2538 358 2606 γλαις
385 2535 667 2609 προκατοληψόμεθα
691 2535 743 2605 μὲν
771 2531 968 2608 ὁμοιοτρόπως
997 2538 1057 2590 τοῖς
1083 2540 1299 2610 προειρημένοις
1325 2534 1387 2591 κτλ.

284 2621 320 2674 ΕΙ
347 2639 411 2674 vero
440 2623 465 2674 in
494 2640 527 2676 eo
555 2640 666 2675 numero
694 2630 737 2674 est
762 2618 984 2691 προκατάληψις,
1007 2613 1063 2673 ”ώ’ν
1079 2618 1263 2692 προςδέονται
1288 2622 1388 2696 κοινῇ”

283 2707 446 2778 (plenta)
463 2709 498 2760 τά
518 2704 590 2774 εἴδη.
628 2707 755 2760 Similiter
773 2724 795 2759 c.
813 2705 855 2758 36.
873 2725 898 2780 p.
917 2705 976 2768 231,
995 2705 1064 2758 6-8
1082 2703 1204 2772 τάξομεν
1224 2702 1255 2759 δὲ
1272 2709 1313 2759 τά
1331 2703 1350 2760 δ
1356 2728 1389 2759 ι-

285 2794 409 2844 κονικά
434 2793 574 2862 προοίμια
590 2793 641 2844 τὸν
669 2788 754 2843 αὗτδν
777 2787 894 2861 τρόπον,
913 2787 998 2858 ὅνπερ
1023 2795 1069 2841 καὶ
1087 2793 1129 2842 τά
1147 2787 1387 2862 δημηγορικοὶ.

283 2877 323 2932 lb.
341 2896 366 2949 p.
385 2877 446 2940 233,
466 2876 569 2929 18-22
587 2872 657 2929 ὅθεν
672 2873 703 2929 δδ
720 2874 807 2928 ταῦτα
823 2877 937 2945 γίνεται,
957 2872 986 2926 ἐν
1003 2874 1048 2941 τῷ
1068 2872 1107 2942 δη
1115 2875 1297 2946 μηγσρικηῖ
1324 2881 1388 2929 καὶ

284 2959 344 3014 ε’πὶ
372 2961 439 3014 τῶν
463 2960 678 3033 προτροπῶν
702 2966 760 3012 καὶ
789 2958 1008 3028 ἀποτροπῶν
1037 2953 1200 3030 εἰρήκαμεν,
1228 2965 1273 3011 καὶ
1293 2959 1387 3029 ieret

284 3044 476 3118 άπολογητικῷ
496 3041 566 3098 εἴδει
584 3042 668 3098 πάλιν
685 3043 731 3098 ε’πὶ
749 3042 874 3110 τελευτῆς
894 3040 1028 3112 διέξιμεν.
1054 3035 1172 3112 τὸνμὲν
1199 3034 1246 3096 οὖν
1268 3043 1388 3115 πρῶτον

283 3127 374 3200 λόγον,
394 3129 443 3183 ἐάν
458 3130 665 3201 κατηγορσῖμεν,
686 3128 715 3182 ἰν
731 3131 808 3184 τοῖς
828 3125 1032 3181 δικανικοῖς
1051 3125 1122 3179 οὕτω
1145 3127 1317 3197 σονθὴσομεν
1335 3134 1387 3182 κοιλ

282 3213 412 3280 τάξομεν.
447 3214 608 3283 Ubicunque
627 3216 695 3266 enim
714 3214 739 3266 in
759 3215 909 3265 universum
930 3211 963 3264 de
981 3212 1124 3282 generibus
1144 3215 1292 3266 orationum
1306 3231 1386 3268 men·

283 3299 384 3350 tionem
402 3298 466 3350 facit
484 3299 595 3359 Rhetor‚
614 3293 787 3368 δημηγορίας
814 3299 859 3362 (τά
888 3292 1073 3367 δημηγορικά)
1091 3315 1199 3368 semper
1215 3300 1277 3352 ταῖς
1292 3294 1386 3351 δικαι-

284 3379 405 3452 ολογίαις
433 3384 503 3445 (τοῖς
530 3377 690 3446 δικανικοῖς)
710 3382 830 3451 opponit.
870 3383 909 3433 Τὸ
934 3378 1108 3442 ἐξεταστικὸν
1134 3379 1209 3438 εἶδος
1233 3394 1321 3437 autem
1345 3385 1384 3441 ad

281 3469 359 3538 γένος
377 3461 517 3518 δικανικὸν
533 3467 632 3519 referre
651 3478 778 3536 oportere
797 3467 875 3518 testis
895 3465 1012 3536 quodam
1034 3465 1116 3519 modo
1135 3481 1177 3521 est
1196 3479 1224 3522 et
1241 3468 1384 3533 Quintilia-

281 3571 332 3606 nus
352 3553 369 3605 L
389 3553 420 3605 Ο.
440 3551 484 3614 ΙΙΙ,
505 3552 565 3613 4,9
591 3552 671 3615 (''tres
701 3553 797 3603 ultimae
820 3549 954 3622 judicialis
982 3553 1088 3622 generis
1116 3564 1179 3606 sunt
1205 3554 1326 3625 partes”)
1353 3564 1384 3610 et

281 3635 389 3691 Ernesti
408 3636 473 3691 Lex.
491 3654 514 3690 e.
533 3657 556 3691 v.
576 3634 758 3700 ἐξετάζεσθαι
776 3645 803 3690 et
821 3653 885 3688 vero
912 3637 970 3706 ipse
990 3639 1169 3691 Anaximenes
1188 3657 1209 3691 c.
1229 3640 1263 3691 36
1280 3641 1336 3693 init.
1354 3660 1382 3713 p.

282 3723 342 3785 228,
361 3722 409 3775 22:
434 3724 551 3775 Λοιπὸν
569 3718 601 3774 tt
620 3720 694 3774 ε’στιν
710 3718 779 3789 ἡμῖν
796 3717 872 3774 εἶδος
896 3717 977 3772 τότε
996 3727 1177 3794 κατηγορικὸν
1194 3729 1240 3776 καὶ
1258 3727 1290 3776 τὸ
1309 3722 1383 3779 εἶπα·

281 3803 425 3876 λογητικὸν
450 3811 495 3857 καὶ
520 3809 553 3858 τὸ
572 3805 755 3869 ἐξεταστικὸν.
792 3806 858 3871 Quae
877 3805 981 3859 dehoc
1000 3806 1061 3858 loco
1089 3807 1215 3880 Spengel.
1234 3808 1381 3865 Commen-

280 3901 330 3947 tar.
348 3892 374 3943 in
393 3891 480 3942 Anax.
497 3909 524 3959 p.
541 3890 593 3942 240
612 3901 639 3943 et
658 3893 749 3947 l'inlrh,
768 3912 793 3963 p.
813 3891 847 3943 10
865 3892 1045 3961 scripserunt,
1071 3910 1102 3945 ea
1126 3894 1184 3946 sine
1203 3893 1284 3947 dubio
1303 3905 1381 3951 recte

281 3977 417 4047 disputata
445 3983 516 4028 sunt.
562 3974 651 4027 Nihilo
679 3987 766 4030 tamen
794 3979 880 4030 minus
908 3977 998 4029 dicere
1024 3978 1143 4031 voluisse
1162 3979 1266 4033 videtur
1284 3988 1382 4035 auctor

280 4062 352 4125 libri,
371 4079 422 4115 una
442 4069 517 4132 parte
536 4062 664 4122 materiae,
682 4078 760 4131 quarn
780 4063 829 4114 sibi
849 4063 1053 4131 proposuisset,
1071 4074 1242 4134 pertractata,
1260 4073 1381 4131 restare,

281 4156 311 4200 ut
329 4146 363 4200 ed
383 4148 505 4210 alteram,
533 4162 586 4218 que
614 4146 721 4218 quidem
745 4149 881 4200 accirsetio
905 4157 933 4200 et
956 4147 1077 4201 defensio
1101 4158 1128 4202 et
1148 4151 1291 4222 exquisitio
1311 4168 1380 4205 cou-
