2940 5026
1192 389 1235 454 59

246 556 410 621 obnoxius
432 555 573 620 futurus.
595 561 612 635 5
634 557 771 622 stt-90.
794 544 985 644 ἆνοίμνησις.

179 655 220 721 ΙΙ.
243 656 267 738 ¹)
291 658 325 737 ο)
348 657 468 722 Melius
493 668 543 721 est
567 680 609 723 ex
630 679 742 722 errore
765 658 904 744 liberare
921 681 1012 723 reum
1028 659 1168 743 aliquem
1182 682 1279 744 quam

244 758 363 843 injuria
396 759 784 824 condemnare-errori
813 760 1009 845 corrigendo
1032 760 1210 825 remedium
1232 762 1280 825 in·

247 861 385 935 venitur,
408 860 569 925 advorsus
594 881 727 925 causam
745 861 927 945 judicatam
951 861 1130 926 remedium
1153 863 1279 927 nullum

248 974 353 1025 est-
376 984 477 1046 quare
498 963 531 1026 in
554 964 649 1027 aliam
673 985 805 1026 causam
829 963 1009 1027 differenda
1031 985 1085 1027 res
1099 964 1280 1050 est591³⁸

247 1063 276 1127 dc
297 1065 339 1128 94
361 1064 459 1127 τοῦτο
481 1063 542 1144 μὲν
564 1063 624 1149 γὰρ
647 1062 915 1151 epota-quat
937 1067 1001 1128 τῶν
1024 1060 1171 1152 ἀληθῶν.

226 1165 258 1252 d)
280 1165 384 1229 Error
406 1187 472 1229 non
496 1165 701 1237 voluntarius
721 1164 977 1232 condonandus.
994 1165 1197 1231 voluntarius
1214 1189 1280 1231 non

247 1267 333 1331 item.
379 1266 489 1346 Quare
512 1288 553 1330 ne
576 1289 626 1330 me
654 1266 888 1331 condemnetis.
932 1268 1049 1351 Neque
1073 1268 1156 1330 enim
1178 1268 1281 1331 Athe-

249 1389 310 1432 nas
333 1368 512 1440 venissem,
535 1368 597 1430 nisi
620 1368 698 1430 mihi
721 1369 874 1431 conscius
898 1389 1020 1444 essem,
1043 1391 1094 1433 me
1116 1369 1281 1433 insontem

250 1469 357 1553 culpae
380 1491 463 1532 esse.
487 1468 504 1552 5
527 1468 703 1532 92-9339.
729 1457 766 1532 εὖ
789 1470 983 1533 διαθέσθαι.

226 1569 252 1653 ²)
277 1568 378 1650 Quod
390 1592 440 1634 me
452 1571 484 1633 in
492 1571 549 1655 jus
563 1580 736 1645 vocarunt,
749 1592 814 1633 nou
827 1570 1052 1635 admirandum
1065 1582 1124 1635 est.
1149 1571 1184 1636 Si
1197 1573 1281 1635 enim

249 1671 399 1735 celeriter
433 1671 660 1735 calumniando
694 1692 744 1734 me
774 1672 1015 1757 oppresserint,
1039 1694 1167 1736 omnem
1188 1673 1221 1736 in
1245 1691 1282 1738 se

249 1772 426 1835 vindictam
450 1773 615 1837 sublatum
642 1773 679 1837 iri
703 1773 843 1837 credunt·
869 1810 904 1821 -
930 1773 1010 1858 quid
1034 1773 1174 1858 prodest
1196 1776 1280 1839 enim

248 1883 412 1938 mortuum
445 1874 581 1939 ulcisci?
614 1874 631 1958 5
661 1874 742 1938 94⁴⁰
768 1873 806 1938 τὸ
829 1873 865 1938 δὲ
886 1872 962 1946 τούς
984 1874 1282 1963 κατηγόρους--τά

248 1973 295 2062 μὴ
318 1975 438 2039 δίκαια.
462 1974 479 2058 5
502 1975 552 2039 95.
577 1975 681 2046 κακῶς
702 1976 879 2040 διαθεῖναι.

183 2075 239 2140 ΙΙΙ.
251 2078 454 2163 προαίρεσις.
478 2075 495 2159 5
518 2075 567 2139 96.
670 2142 683 2167 0

304 2178 359 2242 De
383 2177 583 2241 Oratione
606 2175 685 2251 Vn,
709 2198 796 2261 quae
819 2185 883 2241 est
906 2175 954 2241 de
978 2177 1169 2264 chorago.

271 2279 360 2344 Civis
395 2279 540 2353 Atticus,
573 2278 624 2343 cui
658 2277 846 2365 Thargeliis
869 2301 988 2343 munus
1011 2279 1146 2366 choragi
1175 2280 1283 2365 injun-

186 2399 386 2415 θ’,-

255 2449 288 2501 38
326 2449 425 2502 Rerum
445 2448 690 2519 sententiarumque
709 2449 777 2501 ordo
797 2452 823 2502 in
842 2459 962 2503 extreme
982 2451 1116 2513 cretione,
1143 2451 1229 2521 qualis
1256 2452 1281 2504 in

185 2535 347 2588 editionibus
367 2543 469 2597 exstat,
488 2535 610 2587 turbatus
630 2534 742 2588 ridetur.
779 2534 830 2599 Qui
849 2537 885 2588 ita
907 2537 1010 2588 restitui
1038 2536 1149 2606 poterit,
1177 2537 1199 2588 si
1219 2544 1284 2607 post

185 2637 229 2684 ee,
248 2637 305 2691 que
323 2623 348 2674 in
367 2621 386 2684 5
405 2621 435 2673 91
457 2629 533 2684 sunt,
552 2621 629 2692 sequi
643 2619 773 2690 jubentur
790 2621 859 2684 haec,
887 2639 945 2692 quae
967 2623 993 2674 iu
1011 2625 1029 2692 5
1048 2622 1082 2674 94
1100 2639 1170 2674 nune
1188 2621 1282 2692 legun·

184 2716 239 2761 tur:
256 2704 338 2758 τοῦτο
365 2705 417 2774 μὲν
441 2709 493 2778 γὰρ
520 2703 584 2774 ἐμοί
610 2707 792 2774 πειθομένοις
813 2703 878 2776 ὖμῖν
895 2736 907 2750 -
925 2736 937 2750 -
954 2736 966 2750 -
982 2710 1131 2777 γνωριοταὶ
1157 2707 1283 2777 γίγνεσθε

184 2791 234 2858 τῆς
252 2786 339 2857 δίκην,
368 2787 432 2842 τότε
460 2788 490 2843 δὲ
521 2786 650 2843 δικασταί
656 2808 663 2822 ·
689 2790 737 2842 νῦν
763 2790 814 2858 μὲν
838 2788 971 2854 deficeret
989 2790 1045 2844 τῶν
1060 2789 1209 2863 μαρτύριον
1233 2793 1284 2858 (sio

185 2878 254 2930 enirn
273 2894 331 2928 curn
352 2875 472 2945 Sauppio
493 2875 659 2946 legendum),
675 2873 739 2927 τότε
759 2872 789 2927 di
806 2880 900 2944 κριτοὶ
917 2874 973 2926 τῶν
991 2872 1114 2940 ἀληθῶν,

256 2961 289 3012 39
326 2960 397 3024 593
416 2959 457 3011 ἔτι
479 2960 531 3030 γὰρ
558 2962 604 3010 καί
630 2958 680 3011 τοῦ
705 2956 832 3026 σώματος
860 2953 999 3023 {extortor
1022 2955 1039 3024 ἡ
1065 2959 1137 3027 ψυχὴ
1156 2976 1285 3028 προαπο·

184 3042 274 3098 λείπει
290 3042 426 3116 ἡγουμένη
445 3045 507 3110 τὴν
522 3045 662 3114 τιμωρίαν
682 3037 712 3095 οἱ
727 3041 804 3110 ἥκειν
820 3040 922 3110 ταύτην
937 3042 993 3094 τῶν
1010 3039 1201 3111 ἀσεβημάτων.
1224 3043 1284 3096 Vo-

185 3149 243 3184 cem
262 3128 321 3198 τήν
339 3132 436 3183 abesse
456 3139 482 3182 et
501 3129 636 3199 Sauppius
657 3128 755 3180 mavult
768 3137 794 3181 et
807 3127 940 3181 Maetzner.
967 3127 1023 3181 Sed
1034 3126 1094 3180 ferri
1110 3135 1137 3179 et
1147 3137 1240 3197 potest
1258 3137 1285 3183 et

186 3218 274 3271 debet.
316 3214 424 3283 Ταύτην
442 3215 575 3286 predicari
604 3218 688 3268 instar
714 3224 770 3277 est,
797 3215 848 3280 τὴν
870 3215 1009 3284 τιμωρίαν
1034 3212 1155 3282 subjecti.
1196 3213 1226 3266 ln
1244 3233 1285 3268 vv.

185 3301 235 3355 τοῦ
253 3299 381 3369 οῶματοε
400 3295 539 3366 ἰσχύοντος
557 3297 574 3367 ἡ
595 3301 669 3371 ψυχή
686 3296 891 3371 προαπολείπει
909 3298 1030 3369 qnaedem
1049 3306 1110 3350 ente
1124 3301 1284 3371 occupando

187 3387 345 3441 adumbrata
363 3386 521 3456 significatio
541 3388 611 3439 inest
630 3386 701 3456 ejus,
720 3385 793 3456 quod
813 3394 911 3456 postea
925 3383 1025 3437 diserte
1039 3383 1134 3436 dicitur
1150 3389 1285 3458 τιμιιρίο.

186 3473 226 3526 ef.
244 3474 262 3538 5
281 3473 316 3524 47
333 3473 382 3522 τὸν
404 3468 537 3533 θάνατον,
556 3474 574 3538 5
593 3472 628 3526 34
644 3473 696 3538 τὴν
713 3466 832 3543 δωρεάν,
852 3469 957 3523 Andoc.
980 3471 1005 3534 1,
1028 3468 1062 3523 22
1088 3468 1145 3521 τῶν
1162 3469 1286 3542 παρανό·

185 3576 255 3625 μων,
274 3555 314 3609 ld.
332 3555 348 3608 l.
366 3556 381 3610 l.
400 3555 415 3624 5
437 3557 468 3609 10
485 3559 536 3624 τὴν
551 3554 712 3627 ἀπολογίαν.
750 3556 810 3608 Vid.
829 3555 928 3626 Krueg.
948 3555 993 3607 Gr.
1004 3554 1050 3606 Gr.
1061 3557 1081 3615 Ι,
1095 3557 1136 3618 50,
1156 3557 1183 3617 2,
1194 3554 1211 3607 2
1224 3567 1250 3609 et
1261 3557 1285 3611 6.

255 3643 290 3696 40
326 3641 340 3710 5
359 3642 393 3694 et
411 3643 443 3692 τὸ
463 3638 493 3693 δὲ
510 3644 574 3695 τοὺς
591 3639 760 3712 κατηγόρους
778 3637 935 3709 διαβάλλειν
954 3634 1034 3691 οὐδέν
1046 3635 1104 3689 εὀτι
1113 3638 1285 3706 θαυμαστόν.

185 3724 291 3779 τοίτων
306 3727 358 3795 γὰρ
378 3724 459 3794 ἔργον
475 3724 568 3784 τοῦτο,
596 3720 672 3790 ὑμῶν
696 3720 732 3776 δι’
760 3725 792 3774 τὸ
817 3726 856 3790 μή
883 3723 1037 3775 πείθεσθαι
1060 3723 1095 3772 τὰ
1116 3724 1153 3790 μὴ
1181 3719 1285 3777 δίκαια.

187 3810 339 3880 Conjecerit
357 3810 469 3863 forsitan
490 3810 621 3880 quispiam
639 3807 745 3861 τοίτων
769 3808 830 3876 μὲν
855 3809 908 3878 γὰρ
932 3803 988 3858 κτλ.
1015 3815 1126 3877 propter
1143 3804 1220 3874 ὑμῶν
1237 3804 1285 3862 δέ.

188 3896 354 3965 Quamquam
375 3896 473 3967 pluries
494 3894 565 3965 apud
584 3895 692 3964 Antiph.
714 3894 740 3945 in
763 3895 852 3964 priore
876 3894 995 3945 membro
1015 3893 1207 3946 enunciationis
1226 3895 1288 3961 μίν

187 3982 325 4054 particula,
344 3983 388 4035 ubi
407 3982 470 4053 poni
490 3990 610 4052 poteret,
641 3980 777 4043 omittitur,
796 3988 825 4031 ut
842 3980 865 4033 h.
886 3997 923 4032 or.
943 3979 957 4049 5
979 3983 993 4031 7
1012 3975 1079 4033 ὅταν
1096 3974 1145 4041 tt,
1170 3977 1184 4047 5
1207 3979 1236 4030 13
1256 3980 1287 4031 οὐ

188 4065 228 4131 δέ,
248 4069 266 4133 5
286 4067 319 4119 69
337 4066 384 4119 νῦν
402 4064 446 4129 dt,
476 4065 538 4135 §71
561 4067 625 4120 τοὺς
643 4060 690 4128 δέ,
713 4064 727 4134 5
749 4067 782 4117 77
798 4065 858 4121 τοῖς
883 4061 907 4118 δ’
926 4059 1031 4128 ἄλλοις,
1057 4081 1095 4116 or.
1114 4063 1141 4112 V
1162 4061 1288 4133 §Sacis

187 4148 234 4215 δέ,
260 4153 274 4223 5
296 4155 327 4204 15
344 4151 441 4224 ἐ’τιρον
458 4149 490 4208 δέ
507 4171 578 4214 τινα,
599 4152 630 4205 el.
