2940 5026
1194 393 1232 456 81

241 568 317 656 plus
339 565 441 633 semel
465 564 631 651 apparuit,
655 561 747 649 quod
767 562 804 637 ii,
827 563 883 647 qui
895 582 946 626 me
957 571 1163 637 accusarunt,
1175 583 1276 628 causa

242 692 373 756 semper
395 666 593 733 oeciderunt.
615 664 636 750 §
658 665 754 732 8-9.
774 663 860 749 πρὸς
881 661 1022 729 εὔνοιαν.

221 771 452 850 κακολογία.
481 767 521 832 cf.
556 769 659 831 Anax.
694 764 766 841 228,
789 767 872 830 5-7
903 762 956 846 (τὰ
978 763 1014 829 ἐν
1036 759 1120 850 αὐτῇ
1142 765 1183 850 τῇ
1204 758 1277 849 dpa-

242 873 346 959 τῇ).ἓ
374 870 504 936 10-40.

180 973 204 1039 l.
249 974 283 1060 a)
305 971 481 1059 πρόθεσις.
505 970 524 1056 A
552 973 599 1036 10.

222 1073 255 1159 b)
279 1074 303 1156 ¹)
326 1072 377 1137 De
410 1073 549 1146 tributo,
584 1069 674 1155 quod
708 1068 898 1134 Alcibiadae
922 1069 1023 1134 aooiia
1044 1068 1278 1154 imponendum

243 1174 379 1238 curavit.
403 1173 422 1258 §
449 1171 582 1237 11-12.

219 1276 245 1358 2)
270 1274 320 1338 De
354 1273 448 1348 dote,
481 1293 578 1358 quam
614 1271 778 1357 duplicem
811 1291 972 1337 auocero
1006 1285 1075 1336 tum
1109 1272 1278 1338 virutum

222 1384 522 1557 ‘lmgdddodbeffite
541 1373 739 1561 {eideriibin
762 1473 1030 1560 Agatharchum,-
1045 1475 1214 1565 pictorem
1237 1475 1282 1538 ci·

243 1599 318 1642 vem
339 1578 525 1663 ingenuum.
548 1578 567 1660 ξ
593 1575 726 1640 16-19.

223 1681 250 1762 ⁴)
273 1678 452 1760 Quomodo
475 1676 653 1751 Tauream,
676 1673 925 1762 autichoragum
948 1696 1060 1752 sunm,
1083 1677 1280 1742 mactaverit

223 1884 248 1964 6)
272 1882 360 1963 Quid
383 1881 416 1947 in
439 1879 558 1945 Melius
582 1879 699 1965 egerit,
722 1877 869 1962 quidde
890 1878 990 1944 Melia
1012 1878 1137 1966 virgine
1159 1878 1281 1945 fecerit

224 1983 249 2168 ξ)
273 2087 302 2150 A
324 2083 417 2148 nullo
441 2081 517 2166 plus
540 2102 637 2164 quarn
660 2083 702 2146 ab
729 2079 900 2146 Alcibiade
922 2081 1047 2148 civitati
1069 2081 1280 2148 metuendum

245 2196 279 2250 et
300 2181 483 2250 cavendum
507 2189 568 2247 cat
589 2182 608 2275 5
631 2184 682 2248 24.
996 2171 1003 2177 ’

181 2287 221 2352 11.
245 2286 296 2351 De
318 2284 490 2351 Alcibiade
513 2283 677 2370 Olympiae
700 2294 932 2349 commorante.

224 2386 249 2470 ι)
273 2385 362 2466 Quid
383 2386 417 2450 in
440 2385 632 2448 Diomedem
654 2385 784 2460 fecerit,
807 2407 907 2470 quum
928 2389 1002 2473 ipae
1024 2387 1192 2452 victoriam
1207 2387 1284 2474 jure

244 2487 363 2572 injuria
385 2493 555 2570 reportare
578 2484 770 2549 decreverit.
794 2485 813 2570 §
837 2487 879 2550 25
888 2487 973 2572 -28.

223 2588 249 2671 ²)
272 2586 451 2668 Quomodo
474 2606 568 2661 vasa,
592 2607 667 2670 quae
689 2587 722 2649 in
744 2607 866 2672 pompa
888 2588 966 2654 ferri
989 2588 1134 2665 soleant,
1156 2589 1229 2673 ipae
1240 2588 1284 2653 ad

244 2711 341 2755 auum
364 2709 460 2754 usum
483 2688 665 2773 arripuerit
688 2693 705 2766 ς
728 2687 778 2752 29.

225 2792 252 2874 ³)
276 2790 328 2856 De
361 2789 488 2872 reliqua
521 2790 594 2874 ejus
628 2788 672 2852 ad
701 2789 889 2874 Olympiam
911 2794 1177 2858 commoratione.
1200 2791 1219 2876 §
1242 2792 1284 2856 30

246 2992 390 3076 Propter
422 2988 523 3073 hujus
546 2989 650 3072 partis
678 2987 847 3076 πρόθεσυν
869 2988 903 3074 (ς
926 2985 1286 3078 attramentarium

245 3090 332 3179 πρὸς
352 3091 449 3155 τοῦτο
469 3087 531 3172 μὲν
552 3085 648 3154 οὐδὲν
670 3084 866 3177 ἀντερεῖν)
888 3090 1081 3170 credideris,
1104 3093 1137 3158 in
1159 3112 1283 3179 προκα·

246 3193 395 3282 ωλήψει
418 3212 494 3256 eoae
517 3193 707 3257 orationem.

188 3293 499 3377 nlyanatayce.
521 3291 570 3358 Of.
593 3295 697 3357 Anax.
720 3290 793 3368 225,
816 3291 868 3356 27.
884 3293 961 3379 -§
984 3294 1034 3360 34.
1050 3331 1093 3345 -

186 3395 244 3462 lv.
258 3393 470 3480 Comparatio
493 3414 565 3458 cnm
590 3393 768 3459 Alcibiade.

227 3495 252 3580 ¹)
275 3493 347 3582 Ego
381 3504 499 3580 quater
523 3496 765 3561 criminationes
788 3496 930 3562 sustinui
954 3509 987 3562 et
1020 3498 1196 3566 abaolutua
1220 3496 1288 3561 dia·

250 3596 346 3661 cesai.
390 3595 451 3660 Ille
484 3618 660 3682 numquam
694 3597 727 3660 in
757 3596 815 3680 jus
844 3599 956 3662 vocari
979 3619 1015 3662 ae
1038 3619 1161 3682 paeana
1184 3594 1288 3681 θεῖ.)

252 3697 390 3762 35-38.
413 3693 559 3783 αὔξησις.
580 3698 789 3768 ταπείνωσις.
813 3695 862 3760 Cf.
885 3697 1031 3762 Anaxim.
1055 3697 1128 3772 228,
1154 3698 1202 3763 19.

228 3798 254 3879 ²)
279 3797 429 3877 Quorum
462 3796 560 3862 fidem
592 3798 657 3862 iste
689 3796 904 3880 imploretl⁸l
927 3797 946 3882 §
969 3797 1105 3864 39-40.
1129 3796 1289 3884 εἰρωνεία.

260 3963 295 4020 86
331 3964 346 4035 5
366 3954 518 4020 dormiana
535 3962 567 4019 tl
584 3962 750 4021 κολάσαντες
769 3969 834 4022 τοὺς
851 3964 1121 4041 ἆσελγεσήέρουσ
1138 3969 1293 4038 νομιμωτέ-

192 4064 259 4121 pona
275 4045 420 4114 naariam.
456 4048 606 4122 Sauppiua:
629 4051 732 4105 ”malim
755 4081 786 4092 -
806 4053 892 4124 inquit
908 4081 942 4095 -
961 4050 1200 4128 doalyaoraiaoaast
1235 4052 1291 4106 Po-

187 4133 242 4188 tina
263 4132 460 4191 amandandum
478 4143 535 4191 aar:
553 4132 711 4210 ἀσελγεῖς
728 4134 879 4209 ἑτέρους.

1117 4219 1134 4274 d
