2940 5026
331 399 374 465 to

289 658 356 710 satis
375 656 528 709 habuissem
547 654 620 707 brevi
638 660 665 707 et
683 653 796 725 simplici
816 655 987 708 accusatione
1006 655 1114 728 defungi
1143 656 1192 710 sed
1222 657 1387 710 accusationi

290 743 399 795 alteram
428 758 535 813 quoque
562 755 664 812 partem
697 740 891 812 adjunxissem,
917 741 968 794 ltoc
995 752 1052 805 est,
1079 742 1239 796 refutassem
1268 743 1386 813 argutius

289 826 362 898 ejus3
387 844 475 897 neque
502 827 551 880 hac
579 828 758 879 accusationis
786 828 867 880 altera
897 839 973 897 parte
1000 829 1059 900 ipse
1078 840 1175 883 memet
1192 828 1387 882 fraudassem.”

287 913 378 980 (Hunc
397 913 482 966 secuti
501 912 676 974 surrecta..
695 912 813 975 Turiam,
832 913 890 966 Car.
909 913 1039 977 Mueller).

360 1002 401 1052 Ac
421 998 576 1051 Maetzner
598 997 696 1051 ''verba
724 995 744 1064 ἢ
768 995 848 1061 λέξας
872 1026 902 1038 -
927 1001 1012 1070 inquit
1039 1031 1070 1040 -
1099 1018 1159 1053 uam
1187 1000 1256 1070 vulg.
1280 996 1388 1069 ἐλεγξας

290 1084 354 1154 [imo
383 1102 446 1137 vero
473 1078 602 1153 ἤλεγξας]
621 1085 691 1136 nihili
711 1095 755 1135 est
784 1114 812 1126 -
841 1102 900 1154 quae
927 1087 951 1137 in
981 1085 1088 1155 optimis
1116 1096 1226 1138 exstant
1248 1082 1387 1136 codicibus

290 1171 391 1242 glossae
410 1171 533 1240 speciem¹
547 1187 601 1240 prae
620 1186 650 1222 se
668 1169 771 1226 ferunt:
791 1170 887 1242 quibus
907 1170 1021 1224 seclusis
1040 1171 1102 1222 nihil
1122 1171 1286 1224 difficultatis
1309 1170 1387 1221 relin-

291 1257 387 1327 quitur.
424 1255 483 1307 Hoc
502 1254 566 1307 dicit
586 1255 715 1326 Antipho:
734 1272 842 1326 neque
870 1257 966 1318 euim,
994 1256 1021 1308 si
1050 1258 1249 1325 suspicatus
1278 1270 1388 1307 essem

291 1341 493 1397 defensione
521 1357 653 1393 usurum
680 1357 757 1394 esse
785 1359 887 1404 reum,
915 1342 997 1395 duas
1025 1343 1202 1395 orationes
1234 1342 1388 1394 accusati

290 1445 353 1482 una
383 1427 442 1480 hac
473 1427 685 1479 oratiuncula
715 1444 954 1498 compensans,
987 1427 1121 1481 dimidia
1152 1428 1387 1482 accusationis

290 1524 385 1587 parte
404 1531 450 1566 me
469 1513 541 1584 ipse
561 1513 754 1583 prit‘assem.
791 1513 831 1567 cf.
848 1533 867 1566 α
885 1513 900 1583 §
923 1515 958 1566 l.'’

361 1599 483 1670 Uterque
502 1600 541 1652 vir
559 1598 656 1652 doctus
676 1617 691 1651 a
710 1617 773 1653 vero
793 1599 897 1653 videtur
915 1599 1065 1652 aberrasse·
1110 1598 1206 1668 Neque
1233 1598 1302 1650 enim
1321 1596 1388 1650 dua-

291 1687 343 1740 bus
362 1695 470 1756 poterat
487 1684 536 1737 sed
555 1702 607 1737 una
627 1686 747 1739 oratione
767 1687 886 1738 accusari
905 1703 981 1744 reus,
1000 1686 1155 1756 priusquam
1174 1701 1205 1737 se
1224 1682 1389 1737 defenderet.

291 1772 387 1843 Neque
405 1789 457 1824 una
475 1780 578 1824 tantum
598 1772 719 1824 oratioue
739 1780 815 1822 actor
833 1787 906 1823 reram
926 1771 1062 1823 accusavit
1080 1770 1130 1823 sed
1150 1769 1270 1834 duabus;
1297 1786 1390 1840 aequo-

293 1875 345 1930 que
373 1874 482 1911 numero
510 1856 661 1908 orationum
688 1857 758 1910 inter
785 1873 816 1909 se
844 1856 982 1909 certabant
1011 1865 1154 1908 accusator
1171 1866 1198 1908 et
1220 1873 1290 1909 reus.
1325 1855 1390 1909 Nou

275 1981 277 1985 -
293 1945 375 2005 euim,
394 1942 467 2014 quod
488 1943 561 2014 prior
573 1943 739 1995 accusatoris
753 1942 840 1995 oratio
853 1943 1011 1996 brevissima
1028 1942 1091 2005 fnit,
1108 1942 1208 1996 idcirco
1222 1942 1292 1995 nulla
1303 1941 1390 1994 fuisse

292 2028 412 2100 putanda
430 2037 481 2082 est.
515 2027 600 2080 Paulo
620 2027 686 2080 infra
704 2027 813 2100 legitur:
832 2025 888 2080 ἕνα
914 2027 966 2095 μὲν
982 2029 1054 2098 πρὸς
1079 2025 1138 2080 ἕνα
1155 2023 1237 2099 λόγον
1253 2023 1391 2097 ἀπολογη-

292 2115 365 2169 dela.
403 2113 543 2165 Enimvero
571 2115 596 2165 in
625 2116 758 2184 scriptura
775 2109 795 2179 ἢ
811 2111 891 2176 λέξας
907 2114 947 2166 vel
965 2108 1078 2183 ἤλεγξας
1096 2113 1178 2165 latere
1203 2114 1263 2165 mihi
1286 2111 1392 2167 videtur

293 2199 335 2263 ld,
362 2197 436 2268 quod
464 2198 602 2268 Antiphon
630 2199 751 2268 scripsit,
778 2193 927 2269 ἐλέγξας.
965 2196 1120 2268 Legendum
1139 2198 1217 2267 igitur
1236 2227 1246 2238 -
1266 2227 1277 2238 ·
1296 2195 1392 2249 ἅντι-

294 2280 375 2337 deris
392 2279 557 2352 ἐλέγξας·
573 2311 600 2333 -.
634 2277 877 2334 Ἀνςςδςδόνας
895 2291 938 2334 est
962 2281 1011 2346 (till
1036 2282 1131 2351 utbyte
1149 2281 1308 2348 sranrstalla)
1328 2283 1389 2335 ali·

294 2367 372 2440 qnid
403 2367 442 2420 ad
473 2366 748 2420 remunerandum
784 2383 989 2438 proponere,
1013 2367 1087 2420 sive
1119 2368 1315 2420 illatumsit
1343 2366 1390 2430 id,

295 2453 382 2526 quod
410 2463 650 2516 remuneretur,
677 2453 749 2506 slve
775 2453 998 2507 inserendum:
1029 2453 1157 2507 offerre
1184 2454 1284 2506 alteri
1313 2471 1391 2524 per·

294 2542 514 2594 mut-ationem
543 2538 691 2610 alicujus
719 2541 773 2593 rei.
818 2539 859 2594 of.
877 2540 1003 2593 Schaefer.
1024 2539 1058 2593 ad
1086 2539 1226 2592 Demostlt.
1245 2538 1347 2609 Leptin.
1367 2557 1392 2610 p.

294 2625 355 2689 469,
375 2645 398 2678 v.
416 2629 440 2681 5.
458 2627 500 2680 ed.
525 2628 620 2680 Bremii
644 2645 670 2697 p.
688 2624 739 2678 323
764 2643 804 2696 sq.
849 2625 914 2678 Haec
940 2626 996 2679 iere
1025 2637 1117 2679 orator
1145 2625 1247 2678 dixisse
1274 2624 1393 2678 videtura

296 2713 417 2765 oratione
430 2728 514 2782 nuper
526 2713 617 2765 habita
636 2713 672 2764 ita
690 2728 746 2764 rem
764 2711 922 2782 exigendam
941 2713 1045 2782 putavi,
1064 2721 1092 2764 ut
1111 2711 1191 2764 lilium
1205 2729 1291 2764 naeum
1299 2711 1393 2781 jaculo

296 2797 451 2851 transfixum
471 2798 504 2850 ab
523 2798 697 2851 adolescente
716 2799 770 2849 isto
789 2798 903 2867 periisse
923 2795 1106 2858 ostenderem:
1128 2797 1228 2850 caedem
1247 2798 1317 2850 illam
1336 2797 1394 2866 qui·

296 2883 357 2936 dem
386 2901 463 2948 esse,
490 2884 540 2937 sed
567 2902 622 2937 non
651 2883 776 2936 consulto
800 2895 827 2935 et
848 2884 924 2953 quasi
945 2883 1035 2937 dedita
1055 2901 1137 2955 opera
1155 2896 1295 2955 patratam.
1331 2881 1393 2946 Quat

297 2968 369 3023 lacto
388 2970 508 3040 prudens
533 2987 563 3022 ac
587 2971 676 3022 sciens
701 2969 763 3030 t‘eci,
794 2981 823 3021 ut
851 2969 985 3023 dimidiam
1006 2972 1186 3023 accusationis
1205 2979 1308 3041 partem
1327 2985 1396 3039 prte-

297 3057 476 3108 termitterem.
512 3057 575 3110 Una
593 3073 656 3127 pars
677 3056 856 3108 accusationis
883 3056 932 3109 suit
960 3058 1028 3109 haec:
1055 3057 1087 3108 ab
1117 3055 1291 3109 adolescente
1313 3055 1395 3107 inter·

297 3151 396 3204 fectum
415 3159 478 3195 esse
497 3159 621 3212 puerum3
640 3140 735 3193 altera:
755 3142 788 3193 ab
809 3141 982 3194 adolescente
1007 3160 1061 3194 uam
1080 3142 1161 3194 inrito
1185 3141 1285 3194 caedem
1305 3156 1395 3210 patra-

298 3238 352 3280 tam
371 3245 441 3280 esse.
477 3226 563 3291 Qunam
583 3245 640 3298 ego·
654 3236 756 3296 partem
776 3243 829 3278 nou
850 3228 926 3280 omisi
946 3227 1034 3279 solum
1053 3226 1102 3279 sed
1122 3229 1200 3280 etiam
1224 3226 1334 3288 sustuli,
1361 3226 1398 3278 si-

300 3311 406 3383 qnidem
426 3313 623 3373 concedebam,
640 3311 741 3364 caedem
761 3329 814 3363 non
828 3311 1002 3364 voluntariam
1022 3329 1093 3365 esse.
1128 3312 1202 3376 Hoc,
1222 3314 1244 3365 si
1265 3328 1398 3383 saperem,

300 3414 355 3449 non
374 3398 500 3450 fecissem
517 3399 562 3463 (cl.
581 3397 596 3467 §
616 3401 631 3448 5
651 3400 734 3459 extu).
762 3396 846 3448 'Nam
876 3397 949 3468 quod
977 3415 1028 3468 ego
1057 3416 1090 3450 ex
1119 3399 1292 3452 accusatione
1317 3415 1330 3449 a
1354 3414 1397 3450 me

299 3482 371 3536 faeta
390 3485 499 3548 sustuli,
518 3484 579 3537 iude
598 3483 648 3536 rnei
667 3481 812 3535 accusandi
831 3484 1002 3536 occasionem
1022 3485 1072 3535 iste
1092 3486 1169 3553 cepit.
1196 3515 1227 3524 -
1252 3483 1293 3536 lle
1310 3501 1399 3556 gratn-

300 3571 394 3622 matica
411 3571 555 3623 ¹verborum
574 3571 677 3622 ratione
696 3586 729 3621 ex
747 3569 792 3630 iia,
820 3567 1024 3639 quae'diximus‚
1053 3572 1120 3622 satis
1140 3571 1234 3640 liquet:
1261 3586 1320 3621 nant
1339 3564 1399 3620 ἕνα

299 3650 402 3726 λόγον
419 3652 585 3710 doctricis
603 3655 672 3708 idem
690 3654 746 3707 sere
766 3664 808 3707 est
827 3654 900 3725 qnod
920 3651 980 3707 ἐπεὶ
994 3653 1042 3707 ἕνα
1051 3653 1131 3725 λόγον
1141 3651 1271 3717 sivridus,
1288 3649 1398 3724 ἐλέγξας

301 3752 389 3794 autem
409 3743 441 3795 ad
461 3739 637 3811 ducatuque
655 3741 823 3794 referendum
841 3751 891 3795 est.
928 3741 964 3794 Cf.
987 3741 1085 3814 llmeg.
1105 3741 1150 3794 Gr.
1162 3741 1207 3794 Gr.
1226 3741 1245 3804 l,
1265 3741 1307 3801 56,
1325 3741 1399 3802 ttae.

372 3874 404 3884 -
441 3842 485 3910 τῷ
503 3839 691 3911 διπλασίῳ,
713 3842 798 3898 altero
817 3854 892 3897 tanto
912 3846 926 3897 i.
946 3862 967 3898 e.
987 3843 1060 3915 quod
1080 3861 1131 3914 ego
1151 3845 1227 3896 amice
1247 3860 1278 3895 ac
1297 3840 1399 3912 simpli-

301 3930 368 3982 citer
386 3929 453 3991 dixi,
473 3927 499 3981 id
517 3930 561 3982 ille
580 3930 735 4001 duplicavit,
753 3932 872 3983 nimirum
892 3930 939 3982 ἕνα
956 3931 1027 3998 πρὸς
1046 3927 1092 3980 ἕνα
1114 3925 1195 4000 λόγον
1211 3925 1399 3998 ἆπολςγηθείς

301 4015 426 4086 idemque
444 4012 464 4066 ii
479 4012 666 4084 κατηγόρησεν
684 4013 875 4086 &concupices
894 4011 981 4068 sinain
999 4015 1012 4070 i,
1032 4032 1055 4067 e.
1075 4034 1128 4068 non
1148 4020 1234 4068 solum
1255 4032 1285 4067 se
1305 4013 1397 4066 delen·

302 4100 342 4154 dit
360 4101 409 4154 sed
429 4119 470 4154 me
488 4101 558 4153 ultro
579 4102 722 4154 accusavit.
758 4100 830 4154 Dixit
848 4103 916 4155 earini
935 4118 1045 4173 puerum
1065 4119 1079 4153 a
1098 4119 1129 4154 se
1148 4103 1209 4172 ipso
1228 4097 1397 4152 interfectum

302 4199 374 4240 esse.
