2940 5026
227 365 270 431 rr

250 537 409 600 andorum
448 534 672 620 pacandaeque
709 535 851 600 civitatis
889 545 974 600 sunt.
1012 537 1030 620 §
1067 538 1282 605 106-10902.

250 641 430 724 συμφέρον.

184 736 241 802 IV.
252 737 347 802 Rami
370 757 503 823 quoque
527 737 609 801 oleae
632 737 797 822 mysteriis
820 737 852 800 in
874 737 1045 803 Eleusinio
1068 739 1212 827 depositi
1230 764 1281 806 me
1354 767 1356 769 ’

249 850 453 903 accusarunt.
476 837 496 922 §
522 837 698 903 ltu-436.

231 942 255 1003 l.
280 940 313 1026 a)
336 940 509 1026 πρόθεσις.
533 938 552 1024 §
579 940 647 1004 110.

227 1043 259 1129 b)
284 1043 333 1105 De
365 1042 549 1126 quaestione
574 1040 607 1102 in
631 1039 799 1104 Eleusinio
822 1042 934 1107 habita
956 1045 1109 1108 narratio.
1134 1044 1153 1128 §
1179 1047 1279 1108 lll-

251 1143 320 1207 112.
344 1140 618 1228 (παρσδιήγησις).

227 1247 257 1332 o)
281 1247 479 1328 Apparet,a
511 1264 562 1304 me
594 1262 719 1304 ramum
749 1242 831 1306 oleae
855 1266 920 1308 non
944 1243 1130 1330 depositum
1154 1245 1278 1329 esse.§

252 1343 427 1408 113-114.
450 1339 547 1414 εἰκός.

224 1446 258 1532 d)
283 1443 459 1524 Quomodo
484 1444 604 1508 Callias
627 1444 700 1529 ipse
722 1443 787 1508 hoo
811 1445 929 1511 fecisse
952 1457 1102 1533 repertus
1126 1447 1183 1521 sit,
1206 1468 1279 1510 nar-

248 1557 347 1610 ratur.
371 1545 391 1630 §
417 1544 593 1610 llo-116.

182 1691 185 1708 2
226 1649 255 1712 2.
278 1649 312 1735 a)
337 1647 424 1727 Quid
454 1658 609 1732 spectans
633 1646 753 1711 Callias
776 1646 842 1712 hoo
864 1649 999 1733 feeit?§
1025 1651 1083 1714 117
1107 1649 1173 1713 init.
1196 1647 1280 1735 πρό·

245 1754 350 1822 θεσις.
374 1748 540 1832 (ἐξέτασις.
563 1748 583 1833 §
609 1749 797 1833 117-136).

229 1854 263 1937 a)
285 1852 398 1916 Filiam
422 1851 553 1936 Epiiyoi
576 1871 638 1913 suo
661 1849 730 1913 filio
753 1872 771 1914 a
796 1873 833 1914 se
856 1851 922 1936 peti
946 1851 1038 1926 dicit,
1063 1852 1124 1916 sibi
1147 1852 1211 1936 ipsi
1223 1873 1280 1915 au·

245 1965 310 2017 tem
335 1975 403 2016 eam
435 1973 582 2036 quaerere
605 1952 745 2036 cupit.§
774 1954 947 2017 117-123.
969 1954 1139 2040 μαρτυρία.

225 2057 256 2143 h)
281 2056 362 2135 Quis
385 2051 446 2117 fuit
468 2053 523 2116 isti
546 2052 654 2116 filius?
677 2077 717 2116 ex
741 2054 924 2141 Chrysiade
947 2069 1049 2119 matre
1072 2056 1158 2140 ejus,
1182 2076 1279 2139 quum

246 2178 383 2221 uxorem
407 2155 555 2219 duxerat.
579 2153 598 2238 §
626 2155 801 2219 124-127.
824 2159 994 2242 μαρτυρία.

224 2258 252 2344 o)
277 2256 461 2320 [nauditum
484 2255 595 2318 adhue
618 2264 684 2326 est,
708 2277 805 2318 unum
830 2255 1035 2338 eundemque
1057 2257 1199 2331 inaviae‚
1213 2278 1278 2320 ma·

245 2359 320 2430 trie,
343 2356 418 2419 fiiiae
441 2355 678 2419 matrimonium
701 2355 757 2418 ire.
780 2356 798 2439 §
824 2355 920 2420 128-
934 2355 999 2419 129.
1024 2354 1192 2444 (αὔξησις).

224 2458 258 2544 d)
282 2456 387 2520 Omen
410 2456 452 2520 de
475 2455 690 2527 homuncule,
713 2466 750 2519 ut
773 2457 878 2541 ajunt,
895 2457 1078 2522 domestico
1092 2458 1180 2543 apud
1199 2460 1279 2544 Hip·

247 2558 400 2643 ponicum
422 2557 454 2621 iu
478 2556 611 2621 Calliam
635 2556 840 2621 transfertur.
863 2557 882 2642 ᾗ
909 2559 1085 2623 130-131.
1109 2562 1280 2647 (σημεῖον).

201 2659 235 2745 β)
259 2658 358 2737 Quod
392 2658 421 2720 si
450 2659 615 2741 quaeritur,
639 2678 740 2739 quare
764 2657 875 2721 Caliiae
898 2658 1037 2741 ejusque
1060 2661 1160 2723 sociis
1183 2671 1278 2724 autea

247 2761 336 2844 pius,
359 2780 445 2821 nuno
466 2758 585 2841 impius
609 2757 722 2820 videar
745 2757 775 2841 (ᾗ
805 2759 861 2821 132
884 2759 951 2822 init.
974 2758 1102 2844 πρόθ.),
1126 2760 1168 2824 de
1186 2763 1278 2844 quin-

244 2859 452 2944 quagesimae]
475 2857 700 2941 redemptione
724 2859 835 2922 odium
859 2881 972 2923 eorum
991 2861 1279 2926 etinvidiamoon·

248 2962 332 3026 iraxi
344 2960 380 3024 ⁶⁸.
403 2959 423 3044 §
450 2945 663 3023 132-13'600.

182 3063 222 3128 V.
247 3062 296 3126 De
319 3061 449 3124 navium
473 3060 636 3124 locatione
660 3067 691 3122 et
716 3069 896 3124 mercatura
921 3084 971 3125 me
994 3074 1197 3128 accusarunt.
1225 3064 1279 3128 Dii

185 3184 384 3198 μ

248 3231 282 3283 67
319 3230 434 3299 Propter
451 3226 589 3299 πρόθεσιν
608 3231 625 3294 §
650 3229 696 3281 106
714 3230 768 3281 init.
788 3238 896 3300 poterat
916 3231 972 3284 hoee
993 3249 1056 3302 pers
1081 3249 1134 3285 une
1157 3233 1279 3304 quiedam

180 3317 262 3369 totius
283 3315 411 3365 orationis
430 3313 535 3375 haberi,
564 3314 614 3365 sed
638 3331 699 3366 rere
727 3331 782 3366 rern
801 3313 1037 3369 considerantibus
1057 3329 1202 3372 extremum
1220 3337 1278 3372 eam

180 3409 284 3471 partem
303 3416 365 3450 esse
385 3414 489 3458 eorum,
509 3413 568 3465 quae
583 3399 621 3462 Μ
640 3397 761 3450 70-109
780 3399 957 3460 continentur,
977 3410 1097 3470 apparet.

205 3510 207 3514 v
252 3485 285 3536 68
322 3483 336 3552 ᾖ
360 3481 406 3534 132
425 3513 437 3523 -
457 3512 468 3522 -
487 3483 563 3549 μυῶν
588 3481 640 3548 μέν
663 3479 720 3534 ’A-
738 3512 751 3522 ·
768 3510 780 3524 ·
797 3479 943 3550 Δελφόν.
991 3485 1036 3536 Sic
1056 3486 1151 3549 Beki„
1174 3487 1279 3551 schin„

181 3571 287 3623 Turico.
297 3567 384 3620 Codd.
394 3564 525 3636 ἀδελφόν.
545 3567 655 3620 Inutiles
674 3570 699 3622 in
718 3567 845 3621 hacvoee
859 3566 1038 3639 discerpenda
1055 3571 1178 3625 videntur
1195 3573 1280 3628 fuisse

183 3656 324 3710 doctorum
342 3655 458 3706 virorum
477 3654 594 3707 labores.
630 3652 758 3706 Nimirum
777 3653 920 3724 legendum
939 3671 973 3707 ex
992 3654 1080 3708 codd.
1097 3653 1277 3726 Ἀδελφόν,

181 3742 255 3811 quod
274 3757 374 3794 nomen
393 3739 530 3810 proprium
550 3749 601 3792 est.
639 3739 679 3792 Cf.
696 3739 813 3792 Boeckh.
832 3739 1150 3810 Corp.1ueor.299.300.
1169 3743 1278 3796 Tomi.

181 3845 208 3898 p.
226 3827 287 3878 403.

250 3909 284 3961 69
321 3906 405 3976 §136
423 3907 509 3960 ταῦτα
527 3909 579 3976 μὲν
606 3901 662 3972 οὖν,
691 3900 714 3961 ὦ
740 3905 840 3981 ἄνδρες
862 3906 1004 3972 δικασταὶ,
1029 3913 1139 3966 veirone
1160 3912 1281 3978 ποιητέα

179 3988 222 4063 ἦν,
241 3994 306 4063 ὑμῖν
322 3988 352 4045 δὲ
368 3994 401 4044 τὸ
420 3992 544 4044 ἐναντίον
561 3990 676 4047 τούτων.
720 3994 742 4047 F
745 4002 794 4048 ort
812 3995 956 4067 legendum
974 3992 1055 4063 ὑμῖν
1073 3992 1090 4049 d
1096 3997 1110 4048 ἐ
1129 4012 1163 4064 γε
1183 3997 1221 4047 τὸ
1240 3991 1280 4055 εἴ,

180 4081 254 4151 quod
281 4081 369 4151 ipsum
388 4084 415 4130 et
434 4093 449 4128 e
468 4075 585 4128 Sluitero
605 4095 631 4147 p.
651 4077 701 4130 107
718 4085 746 4152 et
765 4096 781 4130 r
798 4079 982 4134 Valckenario
1011 4076 1191 4152 conjectatum
1218 4095 1281 4132 esse

180 4164 268 4228 video,
287 4172 315 4218 et
333 4181 349 4217 a
366 4161 398 4217 R.
416 4161 526 4216 Klotzio
545 4159 580 4215 N·
601 4160 693 4216 Jahrb.
710 4161 788 4227 xm,
806 4163 822 4216 4
839 4162 931 4230 (1835)
949 4181 975 4235 p.
994 4163 1046 4218 395
1065 4159 1214 4219 defensum.
