2940 5026
262 546 438 633 πρόθεσις.
462 549 480 632 5
503 550 544 613 34
568 548 633 612 init.

242 645 518 730 ἀπαγγελία-

245 751 271 813 1.
297 749 345 813 De
377 751 498 813 indicio
533 773 553 814 a
586 750 718 813 Teucro
753 748 852 812 facto.
899 748 1037 821 llorurn,
1072 752 1127 835 qui
1165 753 1298 820 indicati

265 861 356 925 sunt,
380 853 518 915 nomine.
563 851 713 914 Testium
737 851 939 934 provocatio.
963 850 1134 934 §el-35.

243 950 272 1014 2.
296 953 331 1036 a)
364 952 525 1016 Pisander
554 962 587 1015 et
610 951 789 1024 Charicles,
813 951 877 1015 hoc
900 952 971 1015 sine
993 974 1109 1037 magna
1121 957 1298 1024 multorum

264 1053 482 1116 consensione
504 1051 627 1114 facturn
651 1073 735 1122 esse,
758 1061 927 1138 negarunt,
950 1054 1196 1141 periculumque
1209 1081 1299 1136 esse,

262 1175 303 1217 ne
313 1151 391 1217 inde
403 1155 572 1238 repentina
584 1154 633 1216 vis
645 1153 678 1216 in
690 1152 821 1216 civitate
833 1154 1016 1228 exsisteret,
1029 1160 1107 1239 quae'
1115 1157 1298 1226 libertatem

260 1254 461 1338 opprimeret
494 1254 624 1339 populi,
648 1276 750 1339 quere
773 1276 814 1318 ne
837 1253 974 1318 ulterius
999 1255 1060 1320 hec
1085 1257 1127 1322 de
1149 1282 1185 1325 re
1208 1284 1297 1346 quae·

263 1376 336 1417 rere
359 1353 571 1429 desisterent,
595 1365 800 1419 monuerunt.
823 1355 841 1439 ᾗ
865 1355 915 1419 36.

241 1456 272 1542 b)
295 1454 457 1519 Dioclidis
490 1454 685 1537 εἰσαγγελία.
729 1445 813 1540 Ιρεε
830 1478 902 1520 curn
927 1467 1020 1541 petre
1043 1457 1076 1524 et
1098 1463 1293 1550 propinquis

260 1579 340 1621 sane
362 1557 473 1621 multis
496 1557 683 1622 accusorll'.
707 1557 725 1641 ᾖ
748 1557 885 1622 37-42.

238 1659 267 1745 c)
289 1658 451 1722 Pisander
474 1680 601 1722 summo
636 1660 778 1722 omnium
801 1667 927 1722 terrore
949 1658 1053 1745 legem
1077 1662 1165 1739 tulit,
1189 1675 1226 1730 ut
1247 1667 1294 1732 iu-

260 1760 357 1845 genui
386 1759 474 1823 cives
498 1761 531 1824 in
555 1759 728 1844 equuleum
752 1759 1005 1842 imponerentur.
1049 1761 1237 1830 Mauitheus
1261 1779 1294 1833 et

259 1861 421 1945 Anepsio,
444 1875 630 1934 senatores,
659 1880 759 1944 quum
782 1861 815 1922 in
838 1882 878 1924 eo
901 1875 1027 1937 essent,
1050 1873 1086 1926 ut
1110 1864 1293 1951 deprehen·

261 1961 426 2036 derentur‚
442 1960 584 2026 vadibus
608 1961 694 2025 detis
707 1960 942 2047 destitutisque
954 1964 987 2026 in
999 1963 1149 2029 exsilium
1161 1968 1291 2034 abeunt.

255 2062 542 2147 Deprehendimur
576 2061 782 2146 vinculisque
816 2061 974 2126 dedimur.
1026 2065 1168 2130 Senatus
1202 2079 1292 2134 metu

255 2164 449 2249 perterritus
474 2163 581 2227 omnia
605 2163 733 2248 trepide
756 2165 937 2247 praernunit.
971 2165 1139 2231 llioclides
1157 2170 1289 2254 publico

253 2267 381 2330 honore
404 2262 552 2327 allicitur.
576 2269 592 2342 S
615 2264 751 2328 43-45.
794 2265 966 2349 μαρτυρία.
989 2265 1007 2348 5
1029 2267 1080 2331 46.

231 2367 265 2452 d)
288 2367 428 2432 Nomine
452 2365 712 2448 propinquorum
736 2386 891 2428 meorum.
915 2365 934 2450 §
957 2367 1008 2431 47.

232 2485 260 2548 3.
285 2483 319 2569 a)
353 2481 546 2546 Charmides
581 2503 684 2545 meam
717 2480 873 2564 implorat
906 2482 1013 2557 fidem,
1047 2495 1083 2548 ut
1117 2489 1289 2573 cumipse

253 2606 344 2649 meos
379 2583 601 2668 propinquos,
636 2583 691 2666 qui
725 2582 832 2666 culpae
854 2583 1003 2648 insontes
1028 2585 1108 2661 sint,
1131 2608 1150 2650 a
1173 2591 1287 2656 mortis

251 2685 399 2773 periculo
423 2686 556 2769 eripiam
568 2684 605 2748 ⁸¹.
628 2683 648 2768 §
671 2683 808 2748 48-50.

229 2790 261 2876 t)
284 2787 414 2851 Mecum
436 2787 509 2869 ipse
525 2786 673 2850 delibero
689 2806 860 2868 emeoque
874 2784 1004 2848 tandein
1017 2786 1156 2870 impetro
1169 2792 1286 2870 animo,

251 2900 303 2964 ut,
337 2886 416 2969 quid
452 2886 494 2948 de
528 2885 592 2949 hoe
615 2885 760 2949 facinore
783 2896 986 2967 compertum
1011 2885 1174 2966 hebetem,
1198 2891 1287 2958 dice.

249 3008 317 3052 rem
351 2995 559 3070 quatuorque
592 2986 720 3049 civibus
756 2983 911 3047 facinoris
948 2987 1163 3070 participibus
1201 2991 1286 3056 indi·

188 3121 388 3139 ‘—

184 3207 252 3260 satis
271 3215 333 3275 epte
352 3206 405 3258 hoe
423 3205 582 3258 vocabulum
611 3205 715 3275 aceepit
742 3202 876 3272 Georgius
905 3200 1024 3256 Grotrus
1043 3201 1113 3257 Hist.
1132 3204 1218 3261 Graee.
1235 3208 1287 3275 lv,

181 3291 359 3363 p.129,uot
379 3291 395 3342 9
415 3291 470 3357 (ed.
490 3291 650 3356 Meissuer.).

253 3391 287 3444 69
323 3390 390 3460 §38
411 3387 481 3461 ὁρᾶν
498 3386 529 3442 di
548 3418 588 3433 ··
609 3387 683 3464 ὁρῶν
701 3386 742 3444 δέ.
779 3390 880 3444 Sluitcr·
902 3409 928 3462 p.
946 3389 981 3442 74
1007 3383 1153 3444 ”ι’δεῖν1]ἱε
1181 3423 1214 3432 -
1242 3395 1283 3448 in·

181 3479 238 3550 quit
252 3508 282 3518 —
297 3477 467 3530 scribendum
487 3475 592 3529 videtur
609 3477 727 3530 variandi
747 3494 842 3530 cause:
860 3475 988 3546 praecedit
1007 3477 1074 3529 enim
1089 3472 1159 3546 ὁρᾶν
1171 3474 1283 3548 ἀνθρώ-

178 3578 257 3624 πους,
282 3572 309 3615 et
336 3564 427 3616 statim
457 3561 586 3633 sequitur,
617 3558 692 3633 ὁρῶν
718 3558 749 3613 δὲ
772 3590 783 3604 ·
799 3561 840 3614 ·.”
876 3565 913 3613 nt
931 3560 946 3629 §
964 3561 1000 3615 40
1017 3554 1106 3612 εἰπεῖν
1123 3587 1135 3602 -
1151 3589 1163 3602 ·
1183 3554 1281 3615 εἰπών.

180 3646 304 3702 Ceterum
323 3648 356 3700 cl.
374 3657 476 3700 aunott.
494 3646 528 3697 58
547 3656 613 3699 extr.
631 3657 658 3699 et
678 3645 719 3697 15.

250 3765 283 3816 el
320 3763 393 3816 luter
417 3759 524 3815 ἀδικεῖν
540 3761 565 3831 (ξ
585 3763 619 3815 49
638 3765 717 3824 exn.)
740 3772 767 3813 et
790 3754 818 3811 εἰ
834 3756 953 3826 ἤκουσάς
968 3781 996 3814 τι
1014 3761 1039 3831 (ξ
1061 3761 1095 3813 50
1113 3762 1178 3823 init.)
1205 3764 1279 3817 lacu·

178 3867 239 3903 nem
252 3849 352 3902 hebere
365 3847 488 3901 (licuntur
498 3847 584 3900 Codd.
596 3846 680 3907 ABL,
699 3856 725 3898 et
744 3851 768 3898 A
782 3845 888 3916 quidem
909 3846 1081 3899 duodecim
1101 3848 1279 3902 literarum.

179 3933 409 4006 Interponendum
428 3934 532 3986 censuit
553 3933 677 3985 Relslrius
697 3921 755 3982 οὖν
773 3939 818 3983 erit
835 3932 968 3993 τοίνυν,
994 3933 1131 4003 Srmppine
1150 3930 1284 3984 τούτων.

177 4021 304 4072 τοίνυν.
341 4018 398 4072 Sed
418 4018 527 4072 dublum
545 4032 674 4080 nonest,
702 4017 765 4087 quin
794 4016 935 4069 duodecim
962 4018 1013 4072 illie
1040 4019 1121 4071 literre
1149 4018 1188 4070 hae
1212 4018 1282 4074 siut:

179 4105 259 4176 φέρε
279 4099 319 4169 δὴ
341 4105 469 4156 τοίνυν.
506 4103 545 4158 Cl.
564 4101 594 4173 §5
614 4104 656 4157 21.
675 4102 717 4156 90.
737 4101 873 4154 112128.
