<?xml version="1.0" encoding="UTF-8"?>
<!DOCTYPE html PUBLIC "-//W3C//DTD XHTML 1.0 Transitional//EN"
    "http://www.w3.org/TR/xhtml1/DTD/xhtml1-transitional.dtd">
<html xmlns="http://www.w3.org/1999/xhtml" xml:lang="en" lang="en">
 <head>
  <title>
</title>
<meta http-equiv="Content-Type" content="text/html;charset=utf-8" />
  <meta name='ocr-system' content='tesseract 3.04.00' />
  <meta name='ocr-capabilities' content='ocr_page ocr_carea ocr_par ocr_line ocrx_word'/>
</head>
<body>
  <div class='ocr_page' id='page_1' title='image "./dererumdisposit00lindgoog_0033.png"; bbox 0 0 2940 5026; ppageno 0'>
   <div class='ocr_carea' id='block_1_1' title="bbox 233 384 274 451">
    <p class='ocr_par' dir='ltr' id='par_1_1' title="bbox 233 384 274 451">
     <span class='ocr_line' id='line_1_1' title="bbox 233 384 274 451; baseline 0.049 -2"><span class='ocrx_word' id='word_1_1' title='bbox 233 384 274 451; x_wconf 84' lang='grc'>24</span> 
     </span>
    </p>
   </div>
   <div class='ocr_carea' id='block_1_2' title="bbox 185 548 1295 1758">
    <p class='ocr_par' dir='ltr' id='par_1_2' title="bbox 452 548 1018 640">
     <span class='ocr_line' id='line_1_2' title="bbox 452 548 1018 640; baseline 0.011 -24"><span class='ocrx_word' id='word_1_2' title='bbox 452 552 538 617; x_wconf 89' lang='lat' dir='ltr'>Tum</span> <span class='ocrx_word' id='word_1_3' title='bbox 560 548 793 637; x_wconf 79' lang='grc' dir='ltr'><strong><em>ἀπαγγελία.</em></strong></span> <span class='ocrx_word' id='word_1_4' title='bbox 838 558 1018 640; x_wconf 74' lang='lat' dir='ltr'>§tt-20.</span> 
     </span>
    </p>

    <p class='ocr_par' dir='ltr' id='par_1_3' title="bbox 185 657 1295 1637">
     <span class='ocr_line' id='line_1_3' title="bbox 275 657 1295 744; baseline 0.003 -22"><span class='ocrx_word' id='word_1_5' title='bbox 275 657 470 733; x_wconf 66' lang='lat' dir='ltr'>Philonem,</span> <span class='ocrx_word' id='word_1_6' title='bbox 507 659 631 722; x_wconf 87' lang='lat' dir='ltr'>amicus</span> <span class='ocrx_word' id='word_1_7' title='bbox 668 661 866 744; x_wconf 81' lang='lat' dir='ltr'>interempti,</span> <span class='ocrx_word' id='word_1_8' title='bbox 904 659 1119 723; x_wconf 82' lang='lat' dir='ltr'>concubinam</span> <span class='ocrx_word' id='word_1_9' title='bbox 1157 658 1295 736; x_wconf 79' lang='lat' dir='ltr'>habuit,</span> 
     </span>
     <span class='ocr_line' id='line_1_4' title="bbox 188 759 1293 846; baseline 0.002 -22"><span class='ocrx_word' id='word_1_10' title='bbox 188 782 286 844; x_wconf 86' lang='lat' dir='ltr'>quam</span> <span class='ocrx_word' id='word_1_11' title='bbox 308 761 339 824; x_wconf 92' lang='lat' dir='ltr'>iu</span> <span class='ocrx_word' id='word_1_12' title='bbox 364 760 511 845; x_wconf 77' lang='lat' dir='ltr'>lupanari</span> <span class='ocrx_word' id='word_1_13' title='bbox 536 761 759 824; x_wconf 77' lang='lat' dir='ltr'>collocaturus</span> <span class='ocrx_word' id='word_1_14' title='bbox 782 772 860 826; x_wconf 75' lang='lat' dir='ltr'>erat.</span> <span class='ocrx_word' id='word_1_15' title='bbox 906 759 964 824; x_wconf 91' lang='lat' dir='ltr'>Cui</span> <span class='ocrx_word' id='word_1_16' title='bbox 988 783 1073 824; x_wconf 89' lang='lat' dir='ltr'>uxor</span> <span class='ocrx_word' id='word_1_17' title='bbox 1091 761 1293 846; x_wconf 83' lang='lat' dir='ltr'>interempti,</span> 
     </span>
     <span class='ocr_line' id='line_1_5' title="bbox 188 861 1291 948; baseline 0.002 -22"><span class='ocrx_word' id='word_1_18' title='bbox 188 885 330 926; x_wconf 89' lang='lat' dir='ltr'>noverca</span> <span class='ocrx_word' id='word_1_19' title='bbox 352 864 438 948; x_wconf 89' lang='lat' dir='ltr'>ejus,</span> <span class='ocrx_word' id='word_1_20' title='bbox 462 863 518 946; x_wconf 89' lang='lat' dir='ltr'>qui</span> <span class='ocrx_word' id='word_1_21' title='bbox 542 864 643 926; x_wconf 89' lang='lat' dir='ltr'>verba</span> <span class='ocrx_word' id='word_1_22' title='bbox 665 861 756 934; x_wconf 84' lang='lat' dir='ltr'>facit,</span> <span class='ocrx_word' id='word_1_23' title='bbox 780 864 811 925; x_wconf 96' lang='lat' dir='ltr'>in</span> <span class='ocrx_word' id='word_1_24' title='bbox 836 862 1107 926; x_wconf 88' lang='lat' dir='ltr'>consuetudinem</span> <span class='ocrx_word' id='word_1_25' title='bbox 1132 885 1168 925; x_wconf 90' lang='lat' dir='ltr'>se</span> <span class='ocrx_word' id='word_1_26' title='bbox 1184 862 1291 928; x_wconf 81' lang='lat' dir='ltr'>dedit.</span> 
     </span>
     <span class='ocr_line' id='line_1_6' title="bbox 188 964 1291 1048; baseline 0 -20"><span class='ocrx_word' id='word_1_27' title='bbox 188 964 271 1044; x_wconf 85' lang='lat' dir='ltr'>Quae</span> <span class='ocrx_word' id='word_1_28' title='bbox 294 985 393 1046; x_wconf 88' lang='lat' dir='ltr'>quum</span> <span class='ocrx_word' id='word_1_29' title='bbox 417 973 449 1026; x_wconf 90' lang='lat' dir='ltr'>et</span> <span class='ocrx_word' id='word_1_30' title='bbox 470 964 544 1046; x_wconf 87' lang='lat' dir='ltr'>ipsa</span> <span class='ocrx_word' id='word_1_31' title='bbox 567 986 604 1027; x_wconf 85' lang='lat' dir='ltr'>se</span> <span class='ocrx_word' id='word_1_32' title='bbox 627 965 732 1027; x_wconf 90' lang='lat' dir='ltr'>minus</span> <span class='ocrx_word' id='word_1_33' title='bbox 756 986 775 1026; x_wconf 86' lang='lat' dir='ltr'>a</span> <span class='ocrx_word' id='word_1_34' title='bbox 796 964 912 1026; x_wconf 90' lang='lat' dir='ltr'>marito</span> <span class='ocrx_word' id='word_1_35' title='bbox 928 964 1028 1026; x_wconf 88' lang='lat' dir='ltr'>amari</span> <span class='ocrx_word' id='word_1_36' title='bbox 1044 975 1194 1048; x_wconf 83' lang='lat' dir='ltr'>coeptam</span> <span class='ocrx_word' id='word_1_37' title='bbox 1211 985 1291 1028; x_wconf 88' lang='lat' dir='ltr'>esse</span> 
     </span>
     <span class='ocr_line' id='line_1_7' title="bbox 188 1063 1290 1149; baseline 0 -19"><span class='ocrx_word' id='word_1_38' title='bbox 188 1067 337 1139; x_wconf 85' lang='lat' dir='ltr'>sentiret,</span> <span class='ocrx_word' id='word_1_39' title='bbox 361 1087 434 1128; x_wconf 88' lang='lat' dir='ltr'>eum</span> <span class='ocrx_word' id='word_1_40' title='bbox 456 1063 637 1127; x_wconf 90' lang='lat' dir='ltr'>interficere</span> <span class='ocrx_word' id='word_1_41' title='bbox 661 1065 816 1128; x_wconf 86' lang='lat' dir='ltr'>decrevit.</span> <span class='ocrx_word' id='word_1_42' title='bbox 850 1063 1049 1128; x_wconf 87' lang='lat' dir='ltr'>Concubinae</span> <span class='ocrx_word' id='word_1_43' title='bbox 1063 1065 1290 1149; x_wconf 86' lang='lat' dir='ltr'>igituresten·</span> 
     </span>
     <span class='ocr_line' id='line_1_8' title="bbox 187 1165 1290 1250; baseline -0.001 -19"><span class='ocrx_word' id='word_1_44' title='bbox 187 1168 286 1242; x_wconf 89' lang='lat' dir='ltr'>dens,</span> <span class='ocrx_word' id='word_1_45' title='bbox 321 1188 357 1229; x_wconf 87' lang='lat' dir='ltr'>se</span> <span class='ocrx_word' id='word_1_46' title='bbox 385 1166 521 1236; x_wconf 87' lang='lat' dir='ltr'>habere,</span> <span class='ocrx_word' id='word_1_47' title='bbox 545 1187 611 1249; x_wconf 94' lang='lat' dir='ltr'>quo</span> <span class='ocrx_word' id='word_1_48' title='bbox 636 1165 745 1228; x_wconf 91' lang='lat' dir='ltr'>denno</span> <span class='ocrx_word' id='word_1_49' title='bbox 767 1165 918 1229; x_wconf 88' lang='lat' dir='ltr'>Philonei</span> <span class='ocrx_word' id='word_1_50' title='bbox 941 1166 973 1228; x_wconf 89' lang='lat' dir='ltr'>iu</span> <span class='ocrx_word' id='word_1_51' title='bbox 995 1167 1099 1250; x_wconf 87' lang='lat' dir='ltr'>ipsam</span> <span class='ocrx_word' id='word_1_52' title='bbox 1123 1188 1215 1229; x_wconf 91' lang='lat' dir='ltr'>amor</span> <span class='ocrx_word' id='word_1_53' title='bbox 1237 1167 1290 1231; x_wconf 90' lang='lat' dir='ltr'>in·</span> 
     </span>
     <span class='ocr_line' id='line_1_9' title="bbox 186 1266 1287 1351; baseline -0.001 -18"><span class='ocrx_word' id='word_1_54' title='bbox 186 1269 390 1340; x_wconf 86' lang='lat' dir='ltr'>conderetur,</span> <span class='ocrx_word' id='word_1_55' title='bbox 430 1266 525 1330; x_wconf 85' lang='lat' dir='ltr'>facile</span> <span class='ocrx_word' id='word_1_56' title='bbox 559 1288 628 1330; x_wconf 90' lang='lat' dir='ltr'>eam</span> <span class='ocrx_word' id='word_1_57' title='bbox 663 1266 819 1334; x_wconf 80' lang='lat' dir='ltr'>adduxit.</span> <span class='ocrx_word' id='word_1_58' title='bbox 852 1278 889 1331; x_wconf 92' lang='lat' dir='ltr'>ut</span> <span class='ocrx_word' id='word_1_59' title='bbox 911 1269 1014 1332; x_wconf 90' lang='lat' dir='ltr'>inscia</span> <span class='ocrx_word' id='word_1_60' title='bbox 1038 1281 1071 1332; x_wconf 88' lang='lat' dir='ltr'>et</span> <span class='ocrx_word' id='word_1_61' title='bbox 1092 1267 1287 1351; x_wconf 82' lang='lat' dir='ltr'>imprudens</span> 
     </span>
     <span class='ocr_line' id='line_1_10' title="bbox 186 1368 1286 1455; baseline -0.001 -21"><span class='ocrx_word' id='word_1_62' title='bbox 186 1392 297 1434; x_wconf 88' lang='lat' dir='ltr'>secum</span> <span class='ocrx_word' id='word_1_63' title='bbox 331 1370 363 1432; x_wconf 93' lang='lat' dir='ltr'>in</span> <span class='ocrx_word' id='word_1_64' title='bbox 397 1368 516 1433; x_wconf 83' lang='lat' dir='ltr'>caedem</span> <span class='ocrx_word' id='word_1_65' title='bbox 552 1368 694 1431; x_wconf 88' lang='lat' dir='ltr'>virorum</span> <span class='ocrx_word' id='word_1_66' title='bbox 724 1371 918 1455; x_wconf 82' lang='lat' dir='ltr'>conjuraret</span> <span class='ocrx_word' id='word_1_67' title='bbox 964 1369 1064 1454; x_wconf 88' lang='lat' dir='ltr'>Apud</span> <span class='ocrx_word' id='word_1_68' title='bbox 1087 1369 1286 1433; x_wconf 89' lang='lat' dir='ltr'>Philoneum</span> 
     </span>
     <span class='ocr_line' id='line_1_11' title="bbox 186 1469 1285 1556; baseline 0.002 -22"><span class='ocrx_word' id='word_1_69' title='bbox 186 1472 270 1536; x_wconf 89' lang='lat' dir='ltr'>inter</span> <span class='ocrx_word' id='word_1_70' title='bbox 293 1491 426 1534; x_wconf 87' lang='lat' dir='ltr'>coenam</span> <span class='ocrx_word' id='word_1_71' title='bbox 451 1478 530 1554; x_wconf 88' lang='lat' dir='ltr'>post</span> <span class='ocrx_word' id='word_1_72' title='bbox 552 1469 746 1534; x_wconf 86' lang='lat' dir='ltr'>sacrificium</span> <span class='ocrx_word' id='word_1_73' title='bbox 769 1481 959 1556; x_wconf 84' lang='lat' dir='ltr'>apparatam</span> <span class='ocrx_word' id='word_1_74' title='bbox 983 1473 1114 1556; x_wconf 90' lang='lat' dir='ltr'>utrique</span> <span class='ocrx_word' id='word_1_75' title='bbox 1138 1472 1208 1535; x_wconf 92' lang='lat' dir='ltr'>viro</span> <span class='ocrx_word' id='word_1_76' title='bbox 1228 1494 1285 1536; x_wconf 91' lang='lat' dir='ltr'>ve·</span> 
     </span>
     <span class='ocr_line' id='line_1_12' title="bbox 185 1572 677 1637; baseline -0.004 0"><span class='ocrx_word' id='word_1_77' title='bbox 185 1595 304 1637; x_wconf 84' lang='lat' dir='ltr'>nanum</span> <span class='ocrx_word' id='word_1_78' title='bbox 326 1573 359 1636; x_wconf 93' lang='lat' dir='ltr'>in</span> <span class='ocrx_word' id='word_1_79' title='bbox 382 1573 457 1635; x_wconf 92' lang='lat' dir='ltr'>vino</span> <span class='ocrx_word' id='word_1_80' title='bbox 482 1572 595 1635; x_wconf 87' lang='lat' dir='ltr'>datum</span> <span class='ocrx_word' id='word_1_81' title='bbox 618 1589 677 1635; x_wconf 83' lang='lat' dir='ltr'>est.</span> 
     </span>
    </p>

    <p class='ocr_par' dir='ltr' id='par_1_4' title="bbox 270 1672 1281 1758">
     <span class='ocr_line' id='line_1_13' title="bbox 270 1672 1281 1758; baseline 0.003 -21"><span class='ocrx_word' id='word_1_82' title='bbox 270 1673 344 1738; x_wconf 83' lang='lat' dir='ltr'>lam</span> <span class='ocrx_word' id='word_1_83' title='bbox 366 1676 460 1758; x_wconf 88' lang='lat' dir='ltr'>sequi</span> <span class='ocrx_word' id='word_1_84' title='bbox 484 1674 627 1739; x_wconf 87' lang='lat' dir='ltr'>debebat</span> <span class='ocrx_word' id='word_1_85' title='bbox 648 1674 862 1757; x_wconf 83' lang='grc' dir='ltr'><strong><em>βεβαίωσις</em></strong></span> <span class='ocrx_word' id='word_1_86' title='bbox 884 1672 921 1736; x_wconf 79' lang='grc' dir='ltr'>ἐκ</span> <span class='ocrx_word' id='word_1_87' title='bbox 943 1674 1099 1738; x_wconf 86' lang='grc' dir='ltr'><strong><em>πίστεων.</em></strong></span> <span class='ocrx_word' id='word_1_88' title='bbox 1135 1674 1214 1754; x_wconf 82' lang='lat' dir='ltr'>Quae</span> <span class='ocrx_word' id='word_1_89' title='bbox 1232 1685 1281 1740; x_wconf 90' lang='lat' dir='ltr'>ta·</span> 
     </span>
    </p>
   </div>
   <div class='ocr_carea' id='block_1_3' title="bbox 184 1773 1283 1932">
    <p class='ocr_par' dir='ltr' id='par_1_5' title="bbox 184 1773 1283 1932">
     <span class='ocr_line' id='line_1_14' title="bbox 184 1773 1283 1861; baseline 0.002 -23"><span class='ocrx_word' id='word_1_90' title='bbox 184 1798 257 1839; x_wconf 90' lang='lat' dir='ltr'>men</span> <span class='ocrx_word' id='word_1_91' title='bbox 281 1798 380 1861; x_wconf 90' lang='lat' dir='ltr'>quum</span> <span class='ocrx_word' id='word_1_92' title='bbox 404 1775 435 1838; x_wconf 91' lang='lat' dir='ltr'>in</span> <span class='ocrx_word' id='word_1_93' title='bbox 460 1785 607 1839; x_wconf 88' lang='lat' dir='ltr'>extremo</span> <span class='ocrx_word' id='word_1_94' title='bbox 630 1775 769 1838; x_wconf 89' lang='lat' dir='ltr'>exordio</span> <span class='ocrx_word' id='word_1_95' title='bbox 791 1773 939 1838; x_wconf 85' lang='lat' dir='ltr'>confecta</span> <span class='ocrx_word' id='word_1_96' title='bbox 960 1777 1103 1860; x_wconf 89' lang='lat' dir='ltr'>quodam</span> <span class='ocrx_word' id='word_1_97' title='bbox 1118 1777 1217 1840; x_wconf 93' lang='lat' dir='ltr'>modo</span> <span class='ocrx_word' id='word_1_98' title='bbox 1229 1778 1283 1851; x_wconf 88' lang='lat' dir='ltr'>sit,</span> 
     </span>
     <span class='ocr_line' id='line_1_15' title="bbox 186 1859 1282 1932; baseline -0.001 -7"><span class='ocrx_word' id='word_1_99' title='bbox 186 1863 214 1925; x_wconf 90' lang='lat' dir='ltr'>si</span> <span class='ocrx_word' id='word_1_100' title='bbox 238 1863 455 1925; x_wconf 87' lang='lat' dir='ltr'>Anaximenes</span> <span class='ocrx_word' id='word_1_101' title='bbox 490 1859 674 1924; x_wconf 83' lang='lat' dir='ltr'>audiendus</span> <span class='ocrx_word' id='word_1_102' title='bbox 705 1872 770 1932; x_wconf 87' lang='lat' dir='ltr'>est,</span> <span class='ocrx_word' id='word_1_103' title='bbox 795 1859 977 1923; x_wconf 91' lang='lat' dir='ltr'>hiclocum</span> <span class='ocrx_word' id='word_1_104' title='bbox 1003 1863 1200 1926; x_wconf 86' lang='lat' dir='ltr'>nonhabet.</span> <span class='ocrx_word' id='word_1_105' title='bbox 1244 1862 1282 1924; x_wconf 88' lang='lat' dir='ltr'>ln</span> 
     </span>
    </p>
   </div>
   <div class='ocr_carea' id='block_1_4' title="bbox 184 1962 1282 2250">
    <p class='ocr_par' dir='ltr' id='par_1_6' title="bbox 184 1962 1282 2250">
     <span class='ocr_line' id='line_1_16' title="bbox 185 1962 1282 2047; baseline -0.002 -20"><span class='ocrx_word' id='word_1_106' title='bbox 185 1962 324 2027; x_wconf 88' lang='lat' dir='ltr'>exordio</span> <span class='ocrx_word' id='word_1_107' title='bbox 362 1962 446 2026; x_wconf 86' lang='lat' dir='ltr'>enirn</span> <span class='ocrx_word' id='word_1_108' title='bbox 480 1962 691 2045; x_wconf 89' lang='lat' dir='ltr'>conqueritur</span> <span class='ocrx_word' id='word_1_109' title='bbox 725 1971 915 2037; x_wconf 88' lang='lat' dir='ltr'>accusator,</span> <span class='ocrx_word' id='word_1_110' title='bbox 939 1962 1029 2047; x_wconf 90' lang='lat' dir='ltr'>quod</span> <span class='ocrx_word' id='word_1_111' title='bbox 1054 1964 1191 2046; x_wconf 86' lang='lat' dir='ltr'>qnaestio</span> <span class='ocrx_word' id='word_1_112' title='bbox 1214 1983 1282 2025; x_wconf 88' lang='lat' dir='ltr'>ser·</span> 
     </span>
     <span class='ocr_line' id='line_1_17' title="bbox 184 2062 1281 2150; baseline 0 -23"><span class='ocrx_word' id='word_1_113' title='bbox 184 2085 300 2128; x_wconf 87' lang='lat' dir='ltr'>vorum</span> <span class='ocrx_word' id='word_1_114' title='bbox 338 2062 518 2127; x_wconf 89' lang='lat' dir='ltr'>detrectata</span> <span class='ocrx_word' id='word_1_115' title='bbox 552 2085 570 2127; x_wconf 89' lang='lat' dir='ltr'>a</span> <span class='ocrx_word' id='word_1_116' title='bbox 605 2086 661 2127; x_wconf 89' lang='lat' dir='ltr'>reo</span> <span class='ocrx_word' id='word_1_117' title='bbox 696 2065 754 2138; x_wconf 89' lang='lat' dir='ltr'>sit,</span> <span class='ocrx_word' id='word_1_118' title='bbox 788 2085 889 2148; x_wconf 91' lang='lat' dir='ltr'>quare</span> <span class='ocrx_word' id='word_1_119' title='bbox 913 2085 1012 2149; x_wconf 89' lang='lat' dir='ltr'>quum</span> <span class='ocrx_word' id='word_1_120' title='bbox 1036 2087 1090 2128; x_wconf 88' lang='lat' dir='ltr'>res</span> <span class='ocrx_word' id='word_1_121' title='bbox 1120 2063 1281 2150; x_wconf 84' lang='lat' dir='ltr'>ejusmodi</span> 
     </span>
     <span class='ocr_line' id='line_1_18' title="bbox 184 2164 1282 2250; baseline -0.001 -21"><span class='ocrx_word' id='word_1_122' title='bbox 184 2177 288 2238; x_wconf 89' lang='lat' dir='ltr'>esset,</span> <span class='ocrx_word' id='word_1_123' title='bbox 311 2174 349 2227; x_wconf 91' lang='lat' dir='ltr'>ut</span> <span class='ocrx_word' id='word_1_124' title='bbox 371 2164 438 2228; x_wconf 85' lang='lat' dir='ltr'>fere</span> <span class='ocrx_word' id='word_1_125' title='bbox 462 2165 535 2228; x_wconf 91' lang='lat' dir='ltr'>sola</span> <span class='ocrx_word' id='word_1_126' title='bbox 556 2165 688 2247; x_wconf 79' lang='grc' dir='ltr'><strong><em>βασάνῳ</em></strong></span> <span class='ocrx_word' id='word_1_127' title='bbox 712 2166 831 2229; x_wconf 88' lang='lat' dir='ltr'>firmari</span> <span class='ocrx_word' id='word_1_128' title='bbox 855 2176 988 2248; x_wconf 84' lang='lat' dir='ltr'>posset.</span> <span class='ocrx_word' id='word_1_129' title='bbox 1011 2168 1088 2250; x_wconf 91' lang='lat' dir='ltr'>quia</span> <span class='ocrx_word' id='word_1_130' title='bbox 1111 2167 1152 2230; x_wconf 93' lang='lat' dir='ltr'>de</span> <span class='ocrx_word' id='word_1_131' title='bbox 1176 2166 1282 2230; x_wconf 85' lang='lat' dir='ltr'>servis</span> 
     </span>
    </p>
   </div>
   <div class='ocr_carea' id='block_1_5' title="bbox 183 2264 1283 2554">
    <p class='ocr_par' dir='ltr' id='par_1_7' title="bbox 183 2264 1283 2554">
     <span class='ocr_line' id='line_1_19' title="bbox 187 2264 1282 2352; baseline 0.003 -25"><span class='ocrx_word' id='word_1_132' title='bbox 187 2265 328 2348; x_wconf 85' lang='lat' dir='ltr'>quaestio</span> <span class='ocrx_word' id='word_1_133' title='bbox 346 2286 409 2326; x_wconf 90' lang='lat' dir='ltr'>nou</span> <span class='ocrx_word' id='word_1_134' title='bbox 433 2265 544 2328; x_wconf 85' lang='lat' dir='ltr'>habita</span> <span class='ocrx_word' id='word_1_135' title='bbox 568 2275 633 2338; x_wconf 87' lang='lat' dir='ltr'>est,</span> <span class='ocrx_word' id='word_1_136' title='bbox 656 2267 790 2326; x_wconf 77' lang='grc' dir='ltr'><strong><em>πίστεσι</em></strong></span> <span class='ocrx_word' id='word_1_137' title='bbox 814 2264 1099 2347; x_wconf 90' lang='lat' dir='ltr'>supersedendum</span> <span class='ocrx_word' id='word_1_138' title='bbox 1124 2289 1199 2332; x_wconf 87' lang='lat' dir='ltr'>esse</span> <span class='ocrx_word' id='word_1_139' title='bbox 1223 2290 1282 2352; x_wconf 92' lang='lat' dir='ltr'>pu·</span> 
     </span>
     <span class='ocr_line' id='line_1_20' title="bbox 184 2361 1283 2446; baseline 0.003 -18"><span class='ocrx_word' id='word_1_140' title='bbox 184 2365 273 2428; x_wconf 84' lang='lat' dir='ltr'>tavit.</span> <span class='ocrx_word' id='word_1_141' title='bbox 319 2361 419 2443; x_wconf 85' lang='lat' dir='ltr'>Quod</span> <span class='ocrx_word' id='word_1_142' title='bbox 454 2365 482 2426; x_wconf 89' lang='lat' dir='ltr'>si</span> <span class='ocrx_word' id='word_1_143' title='bbox 510 2365 554 2427; x_wconf 90' lang='lat' dir='ltr'>ita</span> <span class='ocrx_word' id='word_1_144' title='bbox 578 2364 634 2437; x_wconf 92' lang='lat' dir='ltr'>sit,</span> <span class='ocrx_word' id='word_1_145' title='bbox 658 2364 762 2426; x_wconf 82' lang='lat' dir='ltr'>solam</span> <span class='ocrx_word' id='word_1_146' title='bbox 785 2365 1006 2446; x_wconf 78' lang='grc' dir='ltr'><strong><em>δικαιολογίαν</em></strong></span> <span class='ocrx_word' id='word_1_147' title='bbox 1029 2370 1184 2433; x_wconf 89' lang='lat' dir='ltr'>utendam</span> <span class='ocrx_word' id='word_1_148' title='bbox 1207 2391 1283 2432; x_wconf 83' lang='lat' dir='ltr'>esse</span> 
     </span>
     <span class='ocr_line' id='line_1_21' title="bbox 183 2464 1283 2554; baseline 0.005 -24"><span class='ocrx_word' id='word_1_149' title='bbox 183 2473 295 2530; x_wconf 92' lang='lat' dir='ltr'>censet</span> <span class='ocrx_word' id='word_1_150' title='bbox 317 2464 535 2529; x_wconf 79' lang='lat' dir='ltr'>Anaximenes</span> <span class='ocrx_word' id='word_1_151' title='bbox 558 2488 589 2550; x_wconf 88' lang='lat' dir='ltr'>p.</span> <span class='ocrx_word' id='word_1_152' title='bbox 614 2466 684 2539; x_wconf 82' lang='lat'>231,</span> <span class='ocrx_word' id='word_1_153' title='bbox 708 2466 758 2530; x_wconf 86' lang='lat'>23.</span> <span class='ocrx_word' id='word_1_154' title='bbox 782 2466 853 2542; x_wconf 84' lang='lat'>221,</span> <span class='ocrx_word' id='word_1_155' title='bbox 883 2469 919 2533; x_wconf 90' lang='lat' dir='ltr'>to</span> <span class='ocrx_word' id='word_1_156' title='bbox 942 2491 1016 2554; x_wconf 89' lang='lat' dir='ltr'>sqq.</span> <span class='ocrx_word' id='word_1_157' title='bbox 1056 2473 1105 2535; x_wconf 89' lang='lat' dir='ltr'>Ac</span> <span class='ocrx_word' id='word_1_158' title='bbox 1132 2470 1283 2554; x_wconf 87' lang='lat' dir='ltr'>sequitur</span> 
     </span>
    </p>
   </div>
   <div class='ocr_carea' id='block_1_6' title="bbox 181 2567 1280 3562">
    <p class='ocr_par' dir='ltr' id='par_1_8' title="bbox 324 2567 1135 2757">
     <span class='ocr_line' id='line_1_22' title="bbox 525 2567 933 2655; baseline 0.01 -25"><span class='ocrx_word' id='word_1_159' title='bbox 525 2567 838 2655; x_wconf 79' lang='grc' dir='ltr'><strong><em>προκατάληψις</em></strong></span> <span class='ocrx_word' id='word_1_160' title='bbox 863 2570 933 2634; x_wconf 86' lang='lat' dir='ltr'>sive</span> 
     </span>
     <span class='ocr_line' id='line_1_23' title="bbox 324 2665 1135 2757; baseline 0.007 -27"><span class='ocrx_word' id='word_1_161' title='bbox 324 2665 363 2730; x_wconf 84' lang='grc' dir='ltr'>τὰ</span> <span class='ocrx_word' id='word_1_162' title='bbox 387 2667 471 2753; x_wconf 86' lang='grc' dir='ltr'><strong><em>πρὸς</em></strong></span> <span class='ocrx_word' id='word_1_163' title='bbox 492 2666 550 2731; x_wconf 87' lang='grc' dir='ltr'>τὸν</span> <span class='ocrx_word' id='word_1_164' title='bbox 573 2665 738 2732; x_wconf 77' lang='grc' dir='ltr'><strong><em>ἀντίδικον</em></strong></span> <span class='ocrx_word' id='word_1_165' title='bbox 763 2674 879 2754; x_wconf 83' lang='lat' dir='ltr'>(Anax.</span> <span class='ocrx_word' id='word_1_166' title='bbox 903 2670 975 2744; x_wconf 87' lang='grc'>223,</span> <span class='ocrx_word' id='word_1_167' title='bbox 998 2671 1038 2735; x_wconf 83' lang='grc'>25</span> <span class='ocrx_word' id='word_1_168' title='bbox 1063 2676 1135 2757; x_wconf 83' lang='lat' dir='ltr'>sq),</span> 
     </span>
    </p>

    <p class='ocr_par' dir='ltr' id='par_1_9' title="bbox 181 2769 1280 3259">
     <span class='ocr_line' id='line_1_24' title="bbox 183 2769 1280 2852; baseline 0.006 -21"><span class='ocrx_word' id='word_1_169' title='bbox 183 2789 253 2852; x_wconf 86' lang='lat' dir='ltr'>quae</span> <span class='ocrx_word' id='word_1_170' title='bbox 277 2779 385 2832; x_wconf 89' lang='lat' dir='ltr'>tamen</span> <span class='ocrx_word' id='word_1_171' title='bbox 408 2769 525 2832; x_wconf 88' lang='lat' dir='ltr'>bacin</span> <span class='ocrx_word' id='word_1_172' title='bbox 549 2770 697 2833; x_wconf 88' lang='lat' dir='ltr'>oratione</span> <span class='ocrx_word' id='word_1_173' title='bbox 720 2769 766 2832; x_wconf 90' lang='lat' dir='ltr'>ita</span> <span class='ocrx_word' id='word_1_174' title='bbox 788 2769 830 2832; x_wconf 94' lang='lat' dir='ltr'>ad</span> <span class='ocrx_word' id='word_1_175' title='bbox 853 2770 1073 2852; x_wconf 79' lang='grc' dir='ltr'><strong><em>δικαιολογίας</em></strong></span> <span class='ocrx_word' id='word_1_176' title='bbox 1096 2774 1280 2838; x_wconf 87' lang='lat' dir='ltr'>similitudi-</span> 
     </span>
     <span class='ocr_line' id='line_1_25' title="bbox 182 2868 1276 2958; baseline 0.003 -24"><span class='ocrx_word' id='word_1_177' title='bbox 182 2892 254 2934; x_wconf 93' lang='lat' dir='ltr'>nem</span> <span class='ocrx_word' id='word_1_178' title='bbox 277 2880 503 2944; x_wconf 83' lang='lat' dir='ltr'>accesserunt,</span> <span class='ocrx_word' id='word_1_179' title='bbox 526 2886 563 2935; x_wconf 88' lang='lat' dir='ltr'>ut</span> <span class='ocrx_word' id='word_1_180' title='bbox 585 2871 681 2934; x_wconf 89' lang='lat' dir='ltr'>simul</span> <span class='ocrx_word' id='word_1_181' title='bbox 705 2883 738 2934; x_wconf 88' lang='lat' dir='ltr'>et</span> <span class='ocrx_word' id='word_1_182' title='bbox 759 2868 897 2958; x_wconf 82' lang='grc' dir='ltr'><strong><em>αὔξησιν</em></strong></span> <span class='ocrx_word' id='word_1_183' title='bbox 914 2884 946 2938; x_wconf 90' lang='lat' dir='ltr'>et</span> <span class='ocrx_word' id='word_1_184' title='bbox 961 2877 1161 2939; x_wconf 76' lang='grc' dir='ltr'><strong><em>ταπείνωσιν</em></strong></span> <span class='ocrx_word' id='word_1_185' title='bbox 1176 2877 1276 2956; x_wconf 84' lang='lat' dir='ltr'>(Ana-</span> 
     </span>
     <span class='ocr_line' id='line_1_26' title="bbox 181 2973 1278 3061; baseline 0.002 -25"><span class='ocrx_word' id='word_1_186' title='bbox 181 2974 256 3036; x_wconf 88' lang='lat' dir='ltr'>xim.</span> <span class='ocrx_word' id='word_1_187' title='bbox 291 2973 369 3047; x_wconf 84' lang='grc'>231,</span> <span class='ocrx_word' id='word_1_188' title='bbox 403 2973 443 3036; x_wconf 86' lang='grc'>27</span> <span class='ocrx_word' id='word_1_189' title='bbox 466 2976 550 3058; x_wconf 82' lang='lat' dir='ltr'>sqq.)</span> <span class='ocrx_word' id='word_1_190' title='bbox 587 2987 619 3037; x_wconf 86' lang='lat' dir='ltr'>et</span> <span class='ocrx_word' id='word_1_191' title='bbox 651 2986 841 3059; x_wconf 87' lang='lat' dir='ltr'>argumenta</span> <span class='ocrx_word' id='word_1_192' title='bbox 874 2973 910 3038; x_wconf 78' lang='grc' dir='ltr'>ἐκ</span> <span class='ocrx_word' id='word_1_193' title='bbox 942 2977 1001 3039; x_wconf 82' lang='grc' dir='ltr'>τοῦ</span> <span class='ocrx_word' id='word_1_194' title='bbox 1024 2978 1154 3040; x_wconf 84' lang='grc' dir='ltr'><strong><em>δικαίου</em></strong></span> <span class='ocrx_word' id='word_1_195' title='bbox 1176 2977 1278 3061; x_wconf 85' lang='lat' dir='ltr'>petita</span> 
     </span>
     <span class='ocr_line' id='line_1_27' title="bbox 181 3073 595 3160; baseline 0.005 -24"><span class='ocrx_word' id='word_1_196' title='bbox 181 3075 394 3160; x_wconf 87' lang='lat' dir='ltr'>continerent.</span> <span class='ocrx_word' id='word_1_197' title='bbox 417 3073 435 3159; x_wconf 62' lang='grc' dir='ltr'>ξ</span> <span class='ocrx_word' id='word_1_198' title='bbox 458 3075 595 3139; x_wconf 80' lang='grc'>21-27.</span> 
     </span>
     <span class='ocr_line' id='line_1_28' title="bbox 181 3175 1277 3259; baseline -0.004 -20"><span class='ocrx_word' id='word_1_199' title='bbox 181 3176 204 3239; x_wconf 92' lang='lat' dir='ltr'>l.</span> <span class='ocrx_word' id='word_1_200' title='bbox 249 3178 432 3239; x_wconf 88' lang='lat' dir='ltr'>Accusator</span> <span class='ocrx_word' id='word_1_201' title='bbox 455 3197 492 3238; x_wconf 86' lang='lat' dir='ltr'>se</span> <span class='ocrx_word' id='word_1_202' title='bbox 515 3176 618 3239; x_wconf 89' lang='lat' dir='ltr'>multo</span> <span class='ocrx_word' id='word_1_203' title='bbox 637 3176 781 3259; x_wconf 88' lang='lat' dir='ltr'>justiora</span> <span class='ocrx_word' id='word_1_204' title='bbox 804 3187 836 3237; x_wconf 92' lang='lat' dir='ltr'>et</span> <span class='ocrx_word' id='word_1_205' title='bbox 860 3177 1024 3237; x_wconf 88' lang='lat' dir='ltr'>sanctiora</span> <span class='ocrx_word' id='word_1_206' title='bbox 1034 3175 1165 3258; x_wconf 88' lang='lat' dir='ltr'>judices</span> <span class='ocrx_word' id='word_1_207' title='bbox 1183 3196 1277 3258; x_wconf 84' lang='lat' dir='ltr'>roga-</span> 
     </span>
    </p>

    <p class='ocr_par' dir='ltr' id='par_1_10' title="bbox 246 3273 904 3356">
     <span class='ocr_line' id='line_1_29' title="bbox 246 3273 904 3356; baseline -0.002 -20"><span class='ocrx_word' id='word_1_208' title='bbox 246 3285 353 3336; x_wconf 91' lang='lat' dir='ltr'>turum</span> <span class='ocrx_word' id='word_1_209' title='bbox 378 3294 452 3336; x_wconf 86' lang='lat' dir='ltr'>esse</span> <span class='ocrx_word' id='word_1_210' title='bbox 475 3273 614 3336; x_wconf 85' lang='lat' dir='ltr'>affirmat</span> <span class='ocrx_word' id='word_1_211' title='bbox 637 3295 733 3356; x_wconf 90' lang='lat' dir='ltr'>quam</span> <span class='ocrx_word' id='word_1_212' title='bbox 757 3273 904 3347; x_wconf 86' lang='lat' dir='ltr'>fratrem,</span> 
     </span>
    </p>

    <p class='ocr_par' dir='ltr' id='par_1_11' title="bbox 222 3372 932 3457">
     <span class='ocr_line' id='line_1_30' title="bbox 222 3372 932 3457; baseline 0 -20"><span class='ocrx_word' id='word_1_213' title='bbox 222 3372 256 3456; x_wconf 87' lang='lat' dir='ltr'>o)</span> <span class='ocrx_word' id='word_1_214' title='bbox 280 3393 316 3435; x_wconf 90' lang='lat' dir='ltr'>se</span> <span class='ocrx_word' id='word_1_215' title='bbox 340 3372 423 3435; x_wconf 90' lang='lat' dir='ltr'>enim</span> <span class='ocrx_word' id='word_1_216' title='bbox 446 3393 507 3456; x_wconf 93' lang='lat' dir='ltr'>pro</span> <span class='ocrx_word' id='word_1_217' title='bbox 529 3373 725 3457; x_wconf 89' lang='lat' dir='ltr'>interempto</span> <span class='ocrx_word' id='word_1_218' title='bbox 743 3374 815 3457; x_wconf 65' lang='grc' dir='ltr'>-ξ</span> <span class='ocrx_word' id='word_1_219' title='bbox 839 3373 876 3437; x_wconf 87' lang='grc'>21</span> <span class='ocrx_word' id='word_1_220' title='bbox 900 3411 932 3421; x_wconf 94' lang='grc'>-</span> 
     </span>
    </p>

    <p class='ocr_par' dir='ltr' id='par_1_12' title="bbox 222 3472 1091 3562">
     <span class='ocr_line' id='line_1_31' title="bbox 222 3472 1091 3562; baseline 0.002 -26"><span class='ocrx_word' id='word_1_221' title='bbox 222 3474 253 3562; x_wconf 82' lang='lat' dir='ltr'>b)</span> <span class='ocrx_word' id='word_1_222' title='bbox 276 3473 366 3536; x_wconf 88' lang='lat' dir='ltr'>illum</span> <span class='ocrx_word' id='word_1_223' title='bbox 392 3494 452 3557; x_wconf 92' lang='lat' dir='ltr'>pro</span> <span class='ocrx_word' id='word_1_224' title='bbox 476 3494 528 3548; x_wconf 89' lang='lat' dir='ltr'>ea,</span> <span class='ocrx_word' id='word_1_225' title='bbox 552 3495 622 3556; x_wconf 82' lang='lat' dir='ltr'>quae</span> <span class='ocrx_word' id='word_1_226' title='bbox 645 3472 844 3539; x_wconf 82' lang='lat' dir='ltr'>interfecerit</span> <span class='ocrx_word' id='word_1_227' title='bbox 854 3476 882 3514; x_wconf 81' lang='lat'>⁸⁴</span> <span class='ocrx_word' id='word_1_228' title='bbox 902 3513 934 3523; x_wconf 91' lang='lat'>-</span> <span class='ocrx_word' id='word_1_229' title='bbox 955 3474 972 3559; x_wconf 65' lang='grc' dir='ltr'><strong>ἓ</strong></span> <span class='ocrx_word' id='word_1_230' title='bbox 996 3474 1037 3538; x_wconf 91' lang='grc'>22</span> <span class='ocrx_word' id='word_1_231' title='bbox 1057 3514 1091 3524; x_wconf 92' lang='grc'>-</span> 
     </span>
    </p>
   </div>
   <div class='ocr_carea' id='block_1_7' title="bbox 176 3586 1279 4006">
    <p class='ocr_par' dir='ltr' id='par_1_13' title="bbox 176 3586 1279 4006">
     <span class='ocr_line' id='line_1_32' title="bbox 178 3586 1274 3665; baseline 0.005 -21"><span class='ocrx_word' id='word_1_232' title='bbox 178 3593 249 3646; x_wconf 88' lang='lat' dir='ltr'>inest</span> <span class='ocrx_word' id='word_1_233' title='bbox 267 3591 389 3662; x_wconf 83' lang='lat' dir='ltr'>quaedanr</span> <span class='ocrx_word' id='word_1_234' title='bbox 406 3586 628 3661; x_wconf 73' lang='grc' dir='ltr'><strong><em>προκατάληψις.</em></strong></span> <span class='ocrx_word' id='word_1_235' title='bbox 672 3591 768 3664; x_wconf 88' lang='lat' dir='ltr'>Neque</span> <span class='ocrx_word' id='word_1_236' title='bbox 797 3612 860 3646; x_wconf 84' lang='lat' dir='ltr'>vero</span> <span class='ocrx_word' id='word_1_237' title='bbox 888 3596 1146 3665; x_wconf 78' lang='lat' dir='ltr'>anteoccupationes</span> <span class='ocrx_word' id='word_1_238' title='bbox 1175 3597 1274 3650; x_wconf 81' lang='lat' dir='ltr'>alienes</span> 
     </span>
     <span class='ocr_line' id='line_1_33' title="bbox 180 3677 1278 3752; baseline 0.002 -21"><span class='ocrx_word' id='word_1_239' title='bbox 180 3679 213 3731; x_wconf 78' lang='lat' dir='ltr'>ab</span> <span class='ocrx_word' id='word_1_240' title='bbox 236 3677 356 3732; x_wconf 82' lang='lat' dir='ltr'>exordiis</span> <span class='ocrx_word' id='word_1_241' title='bbox 384 3685 462 3749; x_wconf 81' lang='lat' dir='ltr'>putat</span> <span class='ocrx_word' id='word_1_242' title='bbox 489 3677 682 3732; x_wconf 78' lang='lat' dir='ltr'>Anaximenes:</span> <span class='ocrx_word' id='word_1_243' title='bbox 710 3679 744 3731; x_wconf 85' lang='lat' dir='ltr'>cs.</span> <span class='ocrx_word' id='word_1_244' title='bbox 762 3699 789 3750; x_wconf 88' lang='lat' dir='ltr'>p.</span> <span class='ocrx_word' id='word_1_245' title='bbox 808 3677 868 3742; x_wconf 75' lang='lat'>⁶230,</span> <span class='ocrx_word' id='word_1_246' title='bbox 889 3681 928 3733; x_wconf 78' lang='lat' dir='ltr'>tt.</span> <span class='ocrx_word' id='word_1_247' title='bbox 948 3677 989 3732; x_wconf 85' lang='grc'>28.</span> <span class='ocrx_word' id='word_1_248' title='bbox 1024 3679 1080 3733; x_wconf 89' lang='lat' dir='ltr'>Sed</span> <span class='ocrx_word' id='word_1_249' title='bbox 1099 3681 1156 3733; x_wconf 76' lang='lat' dir='ltr'>hac</span> <span class='ocrx_word' id='word_1_250' title='bbox 1173 3700 1278 3752; x_wconf 83' lang='grc' dir='ltr'><strong><em>προκα-</em></strong></span> 
     </span>
     <span class='ocr_line' id='line_1_34' title="bbox 176 3759 1279 3836; baseline 0.004 -22"><span class='ocrx_word' id='word_1_251' title='bbox 176 3759 297 3832; x_wconf 71' lang='grc' dir='ltr'><strong><em>τάληψις</em></strong></span> <span class='ocrx_word' id='word_1_252' title='bbox 315 3765 341 3816; x_wconf 92' lang='lat' dir='ltr'>in</span> <span class='ocrx_word' id='word_1_253' title='bbox 360 3764 409 3816; x_wconf 81' lang='lat' dir='ltr'>hac</span> <span class='ocrx_word' id='word_1_254' title='bbox 428 3781 466 3817; x_wconf 90' lang='lat' dir='ltr'>or.</span> <span class='ocrx_word' id='word_1_255' title='bbox 483 3759 637 3831; x_wconf 72' lang='grc' dir='ltr'><strong><em>βεβαιώσει</em></strong></span> <span class='ocrx_word' id='word_1_256' title='bbox 656 3763 712 3817; x_wconf 83' lang='lat' dir='ltr'>lere</span> <span class='ocrx_word' id='word_1_257' title='bbox 731 3765 824 3818; x_wconf 87' lang='lat' dir='ltr'>similis</span> <span class='ocrx_word' id='word_1_258' title='bbox 844 3775 893 3818; x_wconf 86' lang='lat' dir='ltr'>est.</span> <span class='ocrx_word' id='word_1_259' title='bbox 935 3765 1090 3836; x_wconf 84' lang='lat' dir='ltr'>Usurpetur</span> <span class='ocrx_word' id='word_1_260' title='bbox 1113 3767 1181 3820; x_wconf 86' lang='lat' dir='ltr'>eninr</span> <span class='ocrx_word' id='word_1_261' title='bbox 1200 3768 1226 3819; x_wconf 89' lang='lat' dir='ltr'>in</span> <span class='ocrx_word' id='word_1_262' title='bbox 1246 3783 1279 3818; x_wconf 82' lang='lat' dir='ltr'>en</span> 
     </span>
     <span class='ocr_line' id='line_1_35' title="bbox 177 3840 1278 3920; baseline 0.003 -21"><span class='ocrx_word' id='word_1_263' title='bbox 177 3848 270 3900; x_wconf 79' lang='grc' dir='ltr'><strong><em>πίπιι</em></strong></span> <span class='ocrx_word' id='word_1_264' title='bbox 288 3844 317 3899; x_wconf 81' lang='grc' dir='ltr'>ἕιι</span> <span class='ocrx_word' id='word_1_265' title='bbox 334 3846 384 3899; x_wconf 76' lang='grc' dir='ltr'>τοῦ</span> <span class='ocrx_word' id='word_1_266' title='bbox 403 3840 509 3900; x_wconf 69' lang='grc' dir='ltr'><strong><em>εἰκότος</em></strong></span> <span class='ocrx_word' id='word_1_267' title='bbox 526 3846 551 3915; x_wconf 80' lang='lat' dir='ltr'>t§</span> <span class='ocrx_word' id='word_1_268' title='bbox 572 3848 666 3915; x_wconf 80' lang='lat'>5-9),</span> <span class='ocrx_word' id='word_1_269' title='bbox 684 3847 834 3920; x_wconf 78' lang='grc' dir='ltr'><strong><em>τεκμήριον</em></strong></span> <span class='ocrx_word' id='word_1_270' title='bbox 850 3850 876 3919; x_wconf 70' lang='grc'>15</span> <span class='ocrx_word' id='word_1_271' title='bbox 896 3850 1020 3917; x_wconf 88' lang='grc'>10-12),</span> <span class='ocrx_word' id='word_1_272' title='bbox 1040 3849 1187 3919; x_wconf 72' lang='grc' dir='ltr'>ἐνθύμημα</span> <span class='ocrx_word' id='word_1_273' title='bbox 1204 3851 1230 3920; x_wconf 68' lang='grc' dir='ltr'>(ξ</span> <span class='ocrx_word' id='word_1_274' title='bbox 1248 3850 1278 3903; x_wconf 92' lang='grc'>12</span> 
     </span>
     <span class='ocr_line' id='line_1_36' title="bbox 179 3927 1277 4006; baseline 0.003 -21"><span class='ocrx_word' id='word_1_275' title='bbox 179 3933 266 3998; x_wconf 75' lang='lat' dir='ltr'>extr),</span> <span class='ocrx_word' id='word_1_276' title='bbox 283 3927 445 4001; x_wconf 76' lang='grc' dir='ltr'><strong><em>παλιλλογία</em></strong></span> <span class='ocrx_word' id='word_1_277' title='bbox 460 3930 485 3999; x_wconf 69' lang='lat'>(5</span> <span class='ocrx_word' id='word_1_278' title='bbox 509 3930 556 3995; x_wconf 80' lang='lat' dir='ltr'>¹3l</span> <span class='ocrx_word' id='word_1_279' title='bbox 597 3931 662 3986; x_wconf 79' lang='lat' dir='ltr'>Hac</span> <span class='ocrx_word' id='word_1_280' title='bbox 686 3935 834 3988; x_wconf 86' lang='lat' dir='ltr'>secundum</span> <span class='ocrx_word' id='word_1_281' title='bbox 858 3935 991 4006; x_wconf 84' lang='lat' dir='ltr'>quosdam</span> <span class='ocrx_word' id='word_1_282' title='bbox 1012 3939 1037 3989; x_wconf 92' lang='lat' dir='ltr'>in</span> <span class='ocrx_word' id='word_1_283' title='bbox 1055 3933 1220 3990; x_wconf 75' lang='grc' dir='ltr'><strong><em>καταπάτει</em></strong></span> <span class='ocrx_word' id='word_1_284' title='bbox 1237 3936 1277 3988; x_wconf 83' lang='lat' dir='ltr'>vel</span> 
     </span>
    </p>
   </div>
   <div class='ocr_carea' id='block_1_8' title="bbox 177 4012 1277 4171">
    <p class='ocr_par' dir='ltr' id='par_1_14' title="bbox 177 4012 1277 4171">
     <span class='ocr_line' id='line_1_37' title="bbox 177 4012 1277 4090; baseline 0.005 -22"><span class='ocrx_word' id='word_1_285' title='bbox 177 4012 401 4088; x_wconf 80' lang='grc' dir='ltr'><strong><em>πρακαταστιὶσει</em></strong></span> <span class='ocrx_word' id='word_1_286' title='bbox 418 4025 489 4068; x_wconf 87' lang='lat' dir='ltr'>sunt.</span> <span class='ocrx_word' id='word_1_287' title='bbox 526 4015 669 4071; x_wconf 79' lang='lat' dir='ltr'>Transitus</span> <span class='ocrx_word' id='word_1_288' title='bbox 689 4021 724 4073; x_wconf 90' lang='lat' dir='ltr'>ad</span> <span class='ocrx_word' id='word_1_289' title='bbox 744 4023 922 4075; x_wconf 84' lang='lat' dir='ltr'>narrationem</span> <span class='ocrx_word' id='word_1_290' title='bbox 942 4021 956 4090; x_wconf 83' lang='lat'>§</span> <span class='ocrx_word' id='word_1_291' title='bbox 976 4023 1009 4073; x_wconf 89' lang='lat'>13</span> <span class='ocrx_word' id='word_1_292' title='bbox 1028 4031 1094 4074; x_wconf 88' lang='lat' dir='ltr'>extr.</span> <span class='ocrx_word' id='word_1_293' title='bbox 1132 4021 1172 4074; x_wconf 83' lang='lat' dir='ltr'>Cf.</span> <span class='ocrx_word' id='word_1_294' title='bbox 1191 4025 1277 4074; x_wconf 81' lang='lat' dir='ltr'>Anax.</span> 
     </span>
     <span class='ocr_line' id='line_1_38' title="bbox 180 4099 517 4171; baseline 0 -20"><span class='ocrx_word' id='word_1_295' title='bbox 180 4099 240 4163; x_wconf 89' lang='grc'>216,</span> <span class='ocrx_word' id='word_1_296' title='bbox 259 4101 283 4152; x_wconf 93' lang='grc'>1.</span> <span class='ocrx_word' id='word_1_297' title='bbox 303 4100 362 4163; x_wconf 82' lang='grc'>229,</span> <span class='ocrx_word' id='word_1_298' title='bbox 381 4100 404 4153; x_wconf 89' lang='grc'>9.</span> <span class='ocrx_word' id='word_1_299' title='bbox 426 4101 457 4154; x_wconf 85' lang='grc'>19</span> <span class='ocrx_word' id='word_1_300' title='bbox 476 4118 517 4171; x_wconf 90' lang='lat' dir='ltr'>sq.</span> 
     </span>
    </p>
   </div>
   <div class='ocr_carea' id='block_1_9' title="bbox 246 4180 1280 4257">
    <p class='ocr_par' dir='ltr' id='par_1_15' title="bbox 246 4180 1280 4257">
     <span class='ocr_line' id='line_1_39' title="bbox 246 4180 1280 4257; baseline 0.006 -22"><span class='ocrx_word' id='word_1_301' title='bbox 246 4183 286 4245; x_wconf 62' lang='grc'>,84</span> <span class='ocrx_word' id='word_1_302' title='bbox 321 4180 390 4257; x_wconf 76' lang='grc' dir='ltr'>ὑπὲρ</span> <span class='ocrx_word' id='word_1_303' title='bbox 409 4181 440 4238; x_wconf 75' lang='grc' dir='ltr'>δὲ</span> <span class='ocrx_word' id='word_1_304' title='bbox 458 4183 508 4253; x_wconf 73' lang='grc' dir='ltr'>τῆς</span> <span class='ocrx_word' id='word_1_305' title='bbox 526 4180 727 4252; x_wconf 72' lang='grc' dir='ltr'><strong><em>ἀποκτεινάσης</em></strong></span> <span class='ocrx_word' id='word_1_306' title='bbox 745 4181 876 4254; x_wconf 76' lang='grc' dir='ltr'><strong><em>δεήσεται</em></strong></span> <span class='ocrx_word' id='word_1_307' title='bbox 900 4189 1024 4256; x_wconf 58' lang='lat' dir='ltr'>adipata</span> <span class='ocrx_word' id='word_1_308' title='bbox 1049 4193 1095 4240; x_wconf 76' lang='grc' dir='ltr'>καὶ</span> <span class='ocrx_word' id='word_1_309' title='bbox 1114 4185 1213 4241; x_wconf 73' lang='grc' dir='ltr'><strong><em>ἀνόσια</em></strong></span> <span class='ocrx_word' id='word_1_310' title='bbox 1235 4195 1280 4241; x_wconf 76' lang='grc' dir='ltr'>καὶ</span> 
     </span>
    </p>
   </div>
   <div class='ocr_carea' id='block_1_10' title="bbox 0 0 1474 5026">
    <p class='ocr_par' dir='ltr' id='par_1_16' title="bbox 0 0 1474 5026">
     <span class='ocr_line' id='line_1_40' title="bbox 0 0 1474 5026; baseline 0 3"><span class='ocrx_word' id='word_1_311' title='bbox 0 0 1474 5026; x_wconf 95' lang='lat' dir='ltr'> </span> 
     </span>
    </p>
   </div>
  </div>
 </body>
</html>
