<?xml version="1.0" encoding="UTF-8"?>
<!DOCTYPE html PUBLIC "-//W3C//DTD XHTML 1.0 Transitional//EN"
    "http://www.w3.org/TR/xhtml1/DTD/xhtml1-transitional.dtd">
<html xmlns="http://www.w3.org/1999/xhtml" xml:lang="en" lang="en">
 <head>
  <title>
</title>
<meta http-equiv="Content-Type" content="text/html;charset=utf-8" />
  <meta name='ocr-system' content='tesseract 3.04.00' />
  <meta name='ocr-capabilities' content='ocr_page ocr_carea ocr_par ocr_line ocrx_word'/>
</head>
<body>
  <div class='ocr_page' id='page_1' title='image "./dererumdisposit00lindgoog_0035.png"; bbox 0 0 2940 5026; ppageno 0'>
   <div class='ocr_carea' id='block_1_1' title="bbox 233 372 274 436">
    <p class='ocr_par' dir='ltr' id='par_1_1' title="bbox 233 372 274 436">
     <span class='ocr_line' id='line_1_1' title="bbox 233 372 274 436; baseline 0 0"><span class='ocrx_word' id='word_1_1' title='bbox 233 372 274 436; x_wconf 83' lang='lat'>26</span> 
     </span>
    </p>
   </div>
   <div class='ocr_carea' id='block_1_2' title="bbox 183 537 1288 2566">
    <p class='ocr_par' dir='ltr' id='par_1_2' title="bbox 232 537 1288 630">
     <span class='ocr_line' id='line_1_2' title="bbox 232 537 1288 630; baseline -0.003 -24"><span class='ocrx_word' id='word_1_2' title='bbox 232 544 266 630; x_wconf 89' lang='lat' dir='ltr'>a)</span> <span class='ocrx_word' id='word_1_3' title='bbox 289 542 378 606; x_wconf 88' lang='lat' dir='ltr'>lllam</span> <span class='ocrx_word' id='word_1_4' title='bbox 416 565 480 607; x_wconf 92' lang='lat' dir='ltr'>nou</span> <span class='ocrx_word' id='word_1_5' title='bbox 511 543 694 607; x_wconf 81' lang='lat' dir='ltr'>miseratum</span> <span class='ocrx_word' id='word_1_6' title='bbox 719 551 843 624; x_wconf 84' lang='lat' dir='ltr'>patrem</span> <span class='ocrx_word' id='word_1_7' title='bbox 867 560 962 604; x_wconf 89' lang='lat' dir='ltr'>suum</span> <span class='ocrx_word' id='word_1_8' title='bbox 984 537 1202 604; x_wconf 72' lang='lat' dir='ltr'>interfecisse:</span> <span class='ocrx_word' id='word_1_9' title='bbox 1226 539 1288 604; x_wconf 87' lang='lat' dir='ltr'>ita·</span> 
     </span>
    </p>

    <p class='ocr_par' dir='ltr' id='par_1_3' title="bbox 254 641 864 728">
     <span class='ocr_line' id='line_1_3' title="bbox 254 641 864 728; baseline 0 -22"><span class='ocrx_word' id='word_1_10' title='bbox 254 665 319 728; x_wconf 88' lang='lat' dir='ltr'>que</span> <span class='ocrx_word' id='word_1_11' title='bbox 343 644 539 727; x_wconf 85' lang='lat' dir='ltr'>puniendam</span> <span class='ocrx_word' id='word_1_12' title='bbox 563 667 693 707; x_wconf 86' lang='lat' dir='ltr'>esse-</span> <span class='ocrx_word' id='word_1_13' title='bbox 711 641 730 728; x_wconf 66' lang='lat'><strong>5</strong></span> <span class='ocrx_word' id='word_1_14' title='bbox 754 642 795 706; x_wconf 83' lang='lat'>26</span> <span class='ocrx_word' id='word_1_15' title='bbox 809 665 864 714; x_wconf 79' lang='lat'>-3</span> 
     </span>
    </p>

    <p class='ocr_par' dir='ltr' id='par_1_4' title="bbox 233 741 1288 834">
     <span class='ocr_line' id='line_1_4' title="bbox 233 741 1288 834; baseline -0.003 -25"><span class='ocrx_word' id='word_1_16' title='bbox 233 748 264 834; x_wconf 84' lang='lat' dir='ltr'>b)</span> <span class='ocrx_word' id='word_1_17' title='bbox 287 746 374 809; x_wconf 87' lang='lat' dir='ltr'>illam</span> <span class='ocrx_word' id='word_1_18' title='bbox 409 766 469 809; x_wconf 87' lang='lat' dir='ltr'>sua</span> <span class='ocrx_word' id='word_1_19' title='bbox 492 754 612 829; x_wconf 85' lang='lat' dir='ltr'>sponte</span> <span class='ocrx_word' id='word_1_20' title='bbox 636 754 668 808; x_wconf 89' lang='lat' dir='ltr'>et</span> <span class='ocrx_word' id='word_1_21' title='bbox 690 744 829 808; x_wconf 91' lang='lat' dir='ltr'>consilio</span> <span class='ocrx_word' id='word_1_22' title='bbox 852 741 1072 816; x_wconf 77' lang='lat' dir='ltr'><strong>interfecisse,</strong></span> <span class='ocrx_word' id='word_1_23' title='bbox 1094 742 1182 807; x_wconf 91' lang='lat' dir='ltr'>huuc</span> <span class='ocrx_word' id='word_1_24' title='bbox 1204 742 1288 807; x_wconf 90' lang='lat' dir='ltr'>invi·</span> 
     </span>
    </p>

    <p class='ocr_par' dir='ltr' id='par_1_5' title="bbox 253 844 945 930">
     <span class='ocr_line' id='line_1_5' title="bbox 253 844 945 930; baseline -0.001 -19"><span class='ocrx_word' id='word_1_25' title='bbox 253 859 323 912; x_wconf 89' lang='lat' dir='ltr'>tum</span> <span class='ocrx_word' id='word_1_26' title='bbox 345 858 378 911; x_wconf 90' lang='lat' dir='ltr'>et</span> <span class='ocrx_word' id='word_1_27' title='bbox 400 846 556 910; x_wconf 85' lang='lat' dir='ltr'>violatum</span> <span class='ocrx_word' id='word_1_28' title='bbox 581 846 719 930; x_wconf 87' lang='lat' dir='ltr'>periisse</span> <span class='ocrx_word' id='word_1_29' title='bbox 736 844 809 928; x_wconf 66' lang='grc' dir='ltr'>-ἓ</span> <span class='ocrx_word' id='word_1_30' title='bbox 832 845 873 910; x_wconf 86' lang='grc'>26</span> <span class='ocrx_word' id='word_1_31' title='bbox 890 869 945 920; x_wconf 80' lang='grc' dir='ltr'>-ς</span> 
     </span>
    </p>

    <p class='ocr_par' dir='ltr' id='par_1_6' title="bbox 232 946 1287 1038">
     <span class='ocr_line' id='line_1_6' title="bbox 232 946 1287 1038; baseline -0.002 -24"><span class='ocrx_word' id='word_1_32' title='bbox 232 950 261 1038; x_wconf 88' lang='lat' dir='ltr'>c)</span> <span class='ocrx_word' id='word_1_33' title='bbox 284 949 370 1013; x_wconf 88' lang='lat' dir='ltr'>illam</span> <span class='ocrx_word' id='word_1_34' title='bbox 405 946 568 1032; x_wconf 81' lang='lat' dir='ltr'>indignam</span> <span class='ocrx_word' id='word_1_35' title='bbox 603 970 693 1020; x_wconf 87' lang='lat' dir='ltr'>esse,</span> <span class='ocrx_word' id='word_1_36' title='bbox 726 948 821 1031; x_wconf 88' lang='lat' dir='ltr'>cujus</span> <span class='ocrx_word' id='word_1_37' title='bbox 850 970 947 1032; x_wconf 86' lang='lat' dir='ltr'>quem</span> <span class='ocrx_word' id='word_1_38' title='bbox 970 947 1137 1022; x_wconf 84' lang='lat' dir='ltr'>misereat,</span> <span class='ocrx_word' id='word_1_39' title='bbox 1160 948 1287 1034; x_wconf 80' lang='lat' dir='ltr'>quippe</span> 
     </span>
    </p>

    <p class='ocr_par' dir='ltr' id='par_1_7' title="bbox 186 1047 1286 1237">
     <span class='ocr_line' id='line_1_7' title="bbox 252 1047 1007 1135; baseline -0.007 -20"><span class='ocrx_word' id='word_1_40' title='bbox 252 1072 349 1135; x_wconf 82' lang='lat' dir='ltr'>quam</span> <span class='ocrx_word' id='word_1_41' title='bbox 374 1049 476 1132; x_wconf 85' lang='lat' dir='ltr'>patris</span> <span class='ocrx_word' id='word_1_42' title='bbox 501 1071 565 1111; x_wconf 90' lang='lat' dir='ltr'>nou</span> <span class='ocrx_word' id='word_1_43' title='bbox 589 1047 819 1112; x_wconf 78' lang='lat' dir='ltr'>miseruerit⁸⁶.</span> <span class='ocrx_word' id='word_1_44' title='bbox 843 1047 860 1132; x_wconf 62' lang='grc' dir='ltr'><strong>ἓ</strong></span> <span class='ocrx_word' id='word_1_45' title='bbox 882 1049 932 1112; x_wconf 86' lang='lat'>25.</span> <span class='ocrx_word' id='word_1_46' title='bbox 958 1048 1007 1111; x_wconf 84' lang='lat'>27.</span> 
     </span>
     <span class='ocr_line' id='line_1_8' title="bbox 186 1148 1286 1237; baseline 0.001 -23"><span class='ocrx_word' id='word_1_47' title='bbox 186 1157 231 1215; x_wconf 91' lang='lat' dir='ltr'>lll.</span> <span class='ocrx_word' id='word_1_48' title='bbox 254 1150 336 1214; x_wconf 92' lang='lat' dir='ltr'>Mihi</span> <span class='ocrx_word' id='word_1_49' title='bbox 370 1148 536 1212; x_wconf 83' lang='lat' dir='ltr'>mandevit</span> <span class='ocrx_word' id='word_1_50' title='bbox 571 1160 672 1232; x_wconf 88' lang='lat' dir='ltr'>pater,</span> <span class='ocrx_word' id='word_1_51' title='bbox 702 1164 736 1212; x_wconf 88' lang='lat' dir='ltr'>ut</span> <span class='ocrx_word' id='word_1_52' title='bbox 760 1171 796 1212; x_wconf 89' lang='lat' dir='ltr'>se</span> <span class='ocrx_word' id='word_1_53' title='bbox 820 1150 996 1214; x_wconf 90' lang='lat' dir='ltr'>ulciscerer</span> <span class='ocrx_word' id='word_1_54' title='bbox 1011 1151 1046 1213; x_wconf 76' lang='lat'>⁸¹.</span> <span class='ocrx_word' id='word_1_55' title='bbox 1070 1151 1286 1237; x_wconf 72' lang='grc' dir='ltr'>[μαρτυρίαΡῙ.</span> 
     </span>
    </p>

    <p class='ocr_par' dir='ltr' id='par_1_8' title="bbox 251 1250 431 1337">
     <span class='ocr_line' id='line_1_9' title="bbox 251 1250 431 1337; baseline -0.006 -23"><span class='ocrx_word' id='word_1_56' title='bbox 251 1250 431 1337; x_wconf 72' lang='lat' dir='ltr'>§rs-30.</span> 
     </span>
    </p>

    <p class='ocr_par' dir='ltr' id='par_1_9' title="bbox 233 1346 1282 1643">
     <span class='ocr_line' id='line_1_10' title="bbox 527 1346 948 1432; baseline -0.002 -18"><span class='ocrx_word' id='word_1_57' title='bbox 527 1349 700 1414; x_wconf 88' lang='lat' dir='ltr'>Postremo</span> <span class='ocrx_word' id='word_1_58' title='bbox 727 1346 948 1432; x_wconf 76' lang='grc' dir='ltr'><em>Ἐπίλογος.</em></span> 
     </span>
     <span class='ocr_line' id='line_1_11' title="bbox 233 1451 1282 1545; baseline 0.007 -29"><span class='ocrx_word' id='word_1_59' title='bbox 233 1457 265 1519; x_wconf 91' lang='lat' dir='ltr'>ln</span> <span class='ocrx_word' id='word_1_60' title='bbox 276 1475 342 1538; x_wconf 91' lang='lat' dir='ltr'>quo</span> <span class='ocrx_word' id='word_1_61' title='bbox 353 1455 439 1518; x_wconf 85' lang='lat' dir='ltr'>inest</span> <span class='ocrx_word' id='word_1_62' title='bbox 449 1451 645 1532; x_wconf 80' lang='grc' dir='ltr'>παλιλλογία</span> <span class='ocrx_word' id='word_1_63' title='bbox 655 1456 719 1519; x_wconf 71' lang='grc' dir='ltr'>τῶν</span> <span class='ocrx_word' id='word_1_64' title='bbox 733 1451 1282 1545; x_wconf 59' lang='grc' dir='ltr'><em>εἰρημένωνθῐπροοίρυσις.“3.831,</em></span> 
     </span>
     <span class='ocr_line' id='line_1_12' title="bbox 277 1554 1282 1643; baseline 0.006 -23"><span class='ocrx_word' id='word_1_65' title='bbox 277 1555 322 1620; x_wconf 86' lang='lat' dir='ltr'>Ut</span> <span class='ocrx_word' id='word_1_66' title='bbox 355 1555 397 1621; x_wconf 91' lang='lat' dir='ltr'>ad</span> <span class='ocrx_word' id='word_1_67' title='bbox 431 1554 715 1641; x_wconf 85' lang='lat' dir='ltr'>Tetralogias,</span> <span class='ocrx_word' id='word_1_68' title='bbox 750 1577 823 1638; x_wconf 79' lang='lat' dir='ltr'>quae</span> <span class='ocrx_word' id='word_1_69' title='bbox 848 1567 1015 1631; x_wconf 86' lang='lat' dir='ltr'>vocantur,</span> <span class='ocrx_word' id='word_1_70' title='bbox 1038 1560 1282 1643; x_wconf 86' lang='lat' dir='ltr'>Antiphonteas</span> 
     </span>
    </p>

    <p class='ocr_par' dir='ltr' id='par_1_10' title="bbox 183 1656 1285 2566">
     <span class='ocr_line' id='line_1_13' title="bbox 188 1656 1284 1742; baseline 0.005 -19"><span class='ocrx_word' id='word_1_71' title='bbox 188 1659 370 1733; x_wconf 86' lang='lat' dir='ltr'>veniamus,</span> <span class='ocrx_word' id='word_1_72' title='bbox 394 1656 473 1742; x_wconf 94' lang='lat' dir='ltr'>quid</span> <span class='ocrx_word' id='word_1_73' title='bbox 503 1657 578 1721; x_wconf 93' lang='lat' dir='ltr'>huic</span> <span class='ocrx_word' id='word_1_74' title='bbox 601 1657 812 1742; x_wconf 77' lang='lat' dir='ltr'>appellationi</span> <span class='ocrx_word' id='word_1_75' title='bbox 836 1659 1073 1742; x_wconf 87' lang='lat' dir='ltr'>subjiciendum</span> <span class='ocrx_word' id='word_1_76' title='bbox 1097 1662 1140 1723; x_wconf 85' lang='lat' dir='ltr'>sit</span> <span class='ocrx_word' id='word_1_77' title='bbox 1163 1683 1284 1728; x_wconf 90' lang='lat' dir='ltr'>sensus</span> 
     </span>
     <span class='ocr_line' id='line_1_14' title="bbox 189 1759 1285 1846; baseline 0.005 -23"><span class='ocrx_word' id='word_1_78' title='bbox 189 1771 223 1823; x_wconf 86' lang='lat' dir='ltr'>et</span> <span class='ocrx_word' id='word_1_79' title='bbox 252 1759 513 1845; x_wconf 85' lang='lat' dir='ltr'>significationis,</span> <span class='ocrx_word' id='word_1_80' title='bbox 546 1780 652 1842; x_wconf 89' lang='lat' dir='ltr'>neque</span> <span class='ocrx_word' id='word_1_81' title='bbox 687 1780 772 1821; x_wconf 89' lang='lat' dir='ltr'>nuuc</span> <span class='ocrx_word' id='word_1_82' title='bbox 804 1767 933 1842; x_wconf 88' lang='lat' dir='ltr'>tempus</span> <span class='ocrx_word' id='word_1_83' title='bbox 963 1773 1014 1823; x_wconf 86' lang='lat' dir='ltr'>est</span> <span class='ocrx_word' id='word_1_84' title='bbox 1037 1783 1184 1846; x_wconf 69' lang='lat' dir='ltr'>quaerere</span> <span class='ocrx_word' id='word_1_85' title='bbox 1207 1772 1285 1829; x_wconf 82' lang='lat' dir='ltr'>ets</span> 
     </span>
     <span class='ocr_line' id='line_1_15' title="bbox 188 1859 1282 1949; baseline 0.008 -26"><span class='ocrx_word' id='word_1_86' title='bbox 188 1861 381 1932; x_wconf 85' lang='lat' dir='ltr'>lllaetznero,</span> <span class='ocrx_word' id='word_1_87' title='bbox 406 1859 599 1922; x_wconf 87' lang='lat' dir='ltr'>doctissimo</span> <span class='ocrx_word' id='word_1_88' title='bbox 636 1860 719 1930; x_wconf 89' lang='lat' dir='ltr'>viro,</span> <span class='ocrx_word' id='word_1_89' title='bbox 754 1860 785 1921; x_wconf 94' lang='lat' dir='ltr'>in</span> <span class='ocrx_word' id='word_1_90' title='bbox 816 1859 1062 1925; x_wconf 83' lang='lat' dir='ltr'>Commentariis</span> <span class='ocrx_word' id='word_1_91' title='bbox 1088 1863 1282 1949; x_wconf 72' lang='lat' dir='ltr'>Antiphoni.</span> 
     </span>
     <span class='ocr_line' id='line_1_16' title="bbox 187 1960 1282 2050; baseline 0.007 -26"><span class='ocrx_word' id='word_1_92' title='bbox 187 1986 216 2047; x_wconf 89' lang='lat' dir='ltr'>p.</span> <span class='ocrx_word' id='word_1_93' title='bbox 245 1961 303 2024; x_wconf 75' lang='lat' dir='ltr'>tls</span> <span class='ocrx_word' id='word_1_94' title='bbox 338 1983 386 2045; x_wconf 92' lang='lat' dir='ltr'>sq.</span> <span class='ocrx_word' id='word_1_95' title='bbox 416 1961 496 2024; x_wconf 81' lang='lat' dir='ltr'>satis</span> <span class='ocrx_word' id='word_1_96' title='bbox 521 1972 572 2023; x_wconf 85' lang='lat' dir='ltr'>est</span> <span class='ocrx_word' id='word_1_97' title='bbox 595 1960 813 2046; x_wconf 85' lang='lat' dir='ltr'>explanatum.</span> <span class='ocrx_word' id='word_1_98' title='bbox 860 1960 908 2025; x_wconf 88' lang='lat' dir='ltr'>De</span> <span class='ocrx_word' id='word_1_99' title='bbox 933 1985 1038 2027; x_wconf 88' lang='lat' dir='ltr'>rerum</span> <span class='ocrx_word' id='word_1_100' title='bbox 1062 1964 1282 2050; x_wconf 87' lang='lat' dir='ltr'>dispositione</span> 
     </span>
     <span class='ocr_line' id='line_1_17' title="bbox 186 2062 1283 2148; baseline 0.01 -22"><span class='ocrx_word' id='word_1_101' title='bbox 186 2063 250 2126; x_wconf 90' lang='lat' dir='ltr'>hoc</span> <span class='ocrx_word' id='word_1_102' title='bbox 273 2084 443 2126; x_wconf 90' lang='lat' dir='ltr'>commune</span> <span class='ocrx_word' id='word_1_103' title='bbox 467 2064 590 2127; x_wconf 89' lang='lat' dir='ltr'>habent</span> <span class='ocrx_word' id='word_1_104' title='bbox 614 2063 794 2148; x_wconf 81' lang='lat' dir='ltr'>terralogiae</span> <span class='ocrx_word' id='word_1_105' title='bbox 818 2062 892 2138; x_wconf 86' lang='lat' dir='ltr'>illae,</span> <span class='ocrx_word' id='word_1_106' title='bbox 916 2067 995 2129; x_wconf 88' lang='lat' dir='ltr'>utin</span> <span class='ocrx_word' id='word_1_107' title='bbox 1008 2068 1045 2130; x_wconf 88' lang='lat' dir='ltr'>iis</span> <span class='ocrx_word' id='word_1_108' title='bbox 1059 2069 1202 2133; x_wconf 88' lang='lat' dir='ltr'>narratio</span> <span class='ocrx_word' id='word_1_109' title='bbox 1215 2092 1283 2136; x_wconf 91' lang='lat' dir='ltr'>non</span> 
     </span>
     <span class='ocr_line' id='line_1_18' title="bbox 186 2163 1284 2247; baseline 0.01 -20"><span class='ocrx_word' id='word_1_110' title='bbox 186 2186 280 2227; x_wconf 90' lang='lat' dir='ltr'>suum</span> <span class='ocrx_word' id='word_1_111' title='bbox 304 2163 468 2246; x_wconf 89' lang='lat' dir='ltr'>quendam</span> <span class='ocrx_word' id='word_1_112' title='bbox 491 2177 548 2226; x_wconf 87' lang='lat' dir='ltr'>aut</span> <span class='ocrx_word' id='word_1_113' title='bbox 566 2165 734 2247; x_wconf 91' lang='lat' dir='ltr'>proprium</span> <span class='ocrx_word' id='word_1_114' title='bbox 749 2163 854 2225; x_wconf 90' lang='lat' dir='ltr'>locum</span> <span class='ocrx_word' id='word_1_115' title='bbox 869 2175 977 2227; x_wconf 82' lang='lat' dir='ltr'>teneat</span> <span class='ocrx_word' id='word_1_116' title='bbox 988 2167 1049 2229; x_wconf 90' lang='lat' dir='ltr'>sed</span> <span class='ocrx_word' id='word_1_117' title='bbox 1062 2171 1200 2235; x_wconf 87' lang='lat' dir='ltr'>exordio</span> <span class='ocrx_word' id='word_1_118' title='bbox 1213 2170 1284 2238; x_wconf 90' lang='lat' dir='ltr'>fere</span> 
     </span>
     <span class='ocr_line' id='line_1_19' title="bbox 185 2262 1283 2355; baseline 0.008 -31"><span class='ocrx_word' id='word_1_119' title='bbox 185 2263 442 2325; x_wconf 85' lang='lat' dir='ltr'>commisceatur.</span> <span class='ocrx_word' id='word_1_120' title='bbox 493 2262 566 2341; x_wconf 83' lang='lat' dir='ltr'>Qua</span> <span class='ocrx_word' id='word_1_121' title='bbox 597 2263 638 2325; x_wconf 91' lang='lat' dir='ltr'>de</span> <span class='ocrx_word' id='word_1_122' title='bbox 661 2286 695 2324; x_wconf 90' lang='lat' dir='ltr'>re</span> <span class='ocrx_word' id='word_1_123' title='bbox 713 2263 930 2324; x_wconf 73' lang='lat' dir='ltr'>Anaximenes</span> <span class='ocrx_word' id='word_1_124' title='bbox 947 2285 977 2348; x_wconf 93' lang='lat' dir='ltr'>p.</span> <span class='ocrx_word' id='word_1_125' title='bbox 994 2265 1065 2335; x_wconf 85' lang='lat'>220,</span> <span class='ocrx_word' id='word_1_126' title='bbox 1081 2269 1101 2331; x_wconf 88' lang='lat'><strong>7</strong></span> <span class='ocrx_word' id='word_1_127' title='bbox 1115 2291 1187 2355; x_wconf 88' lang='lat' dir='ltr'>sqq.</span> <span class='ocrx_word' id='word_1_128' title='bbox 1202 2266 1283 2340; x_wconf 77' lang='grc' dir='ltr'><strong><em>ὅταν</em></strong></span> 
     </span>
     <span class='ocr_line' id='line_1_20' title="bbox 183 2351 1283 2453; baseline 0.013 -29"><span class='ocrx_word' id='word_1_129' title='bbox 183 2363 243 2444; x_wconf 80' lang='grc' dir='ltr'>μὲν</span> <span class='ocrx_word' id='word_1_130' title='bbox 277 2361 336 2448; x_wconf 79' lang='grc' dir='ltr'>γὰρ</span> <span class='ocrx_word' id='word_1_131' title='bbox 371 2351 451 2426; x_wconf 79' lang='grc' dir='ltr'><em>ὦσιν</em></span> <span class='ocrx_word' id='word_1_132' title='bbox 484 2356 578 2441; x_wconf 79' lang='grc' dir='ltr'><strong><em>ὀλίγα</em></strong></span> <span class='ocrx_word' id='word_1_133' title='bbox 610 2362 649 2425; x_wconf 78' lang='grc' dir='ltr'>τὰ</span> <span class='ocrx_word' id='word_1_134' title='bbox 683 2361 858 2447; x_wconf 79' lang='grc' dir='ltr'><em>πράγματα</em></span> <span class='ocrx_word' id='word_1_135' title='bbox 886 2363 964 2452; x_wconf 81' lang='grc' dir='ltr'><em>περὶ</em></span> <span class='ocrx_word' id='word_1_136' title='bbox 987 2351 1031 2430; x_wconf 72' lang='grc' dir='ltr'>ὧν</span> <span class='ocrx_word' id='word_1_137' title='bbox 1053 2368 1198 2453; x_wconf 80' lang='grc' dir='ltr'>λέγομεν,</span> <span class='ocrx_word' id='word_1_138' title='bbox 1224 2375 1283 2443; x_wconf 78' lang='grc' dir='ltr'>καὶ</span> 
     </span>
     <span class='ocr_line' id='line_1_21' title="bbox 184 2458 1280 2566; baseline 0.01 -38"><span class='ocrx_word' id='word_1_139' title='bbox 184 2464 328 2551; x_wconf 81' lang='grc' dir='ltr'><em>γνώριμα</em></span> <span class='ocrx_word' id='word_1_140' title='bbox 361 2471 429 2535; x_wconf 81' lang='grc' dir='ltr'><em>τοῖς</em></span> <span class='ocrx_word' id='word_1_141' title='bbox 461 2458 635 2543; x_wconf 79' lang='grc' dir='ltr'><em>ἀκούουσι,</em></span> <span class='ocrx_word' id='word_1_142' title='bbox 673 2466 717 2548; x_wconf 79' lang='grc' dir='ltr'>τῷ</span> <span class='ocrx_word' id='word_1_143' title='bbox 739 2467 904 2551; x_wconf 83' lang='grc' dir='ltr'><em>προοιμίῳ</em></span> <span class='ocrx_word' id='word_1_144' title='bbox 928 2468 1132 2557; x_wconf 82' lang='grc' dir='ltr'><em>συυάψομευ,</em></span> <span class='ocrx_word' id='word_1_145' title='bbox 1157 2477 1209 2539; x_wconf 76' lang='grc' dir='ltr'>ἵνα</span> <span class='ocrx_word' id='word_1_146' title='bbox 1230 2477 1280 2566; x_wconf 78' lang='grc' dir='ltr'>μὴ</span> 
     </span>
    </p>
   </div>
   <div class='ocr_carea' id='block_1_3' title="bbox 182 2562 1282 2954">
    <p class='ocr_par' dir='ltr' id='par_1_11' title="bbox 182 2562 1282 2954">
     <span class='ocr_line' id='line_1_22' title="bbox 183 2562 1280 2664; baseline 0.014 -35"><span class='ocrx_word' id='word_1_147' title='bbox 183 2564 286 2652; x_wconf 78' lang='grc' dir='ltr'><em>βραχῦ</em></span> <span class='ocrx_word' id='word_1_148' title='bbox 320 2566 416 2629; x_wconf 77' lang='grc' dir='ltr'><em>τοῦτο</em></span> <span class='ocrx_word' id='word_1_149' title='bbox 450 2563 487 2629; x_wconf 83' lang='grc' dir='ltr'>τὸ</span> <span class='ocrx_word' id='word_1_150' title='bbox 516 2571 615 2652; x_wconf 83' lang='grc' dir='ltr'><em>μέρος</em></span> <span class='ocrx_word' id='word_1_151' title='bbox 647 2562 727 2630; x_wconf 73' lang='grc' dir='ltr'>καθ’</span> <span class='ocrx_word' id='word_1_152' title='bbox 749 2567 845 2631; x_wconf 84' lang='grc' dir='ltr'><em>ἑαυτὸ</em></span> <span class='ocrx_word' id='word_1_153' title='bbox 868 2569 967 2634; x_wconf 65' lang='grc' dir='ltr'><strong><em>τεθὲν</em></strong></span> <span class='ocrx_word' id='word_1_154' title='bbox 990 2576 1128 2659; x_wconf 79' lang='grc' dir='ltr'><em>γένηται.</em></span> <span class='ocrx_word' id='word_1_155' title='bbox 1174 2575 1221 2642; x_wconf 87' lang='lat' dir='ltr'>Cf.</span> <span class='ocrx_word' id='word_1_156' title='bbox 1247 2601 1280 2664; x_wconf 87' lang='lat' dir='ltr'>p.</span> 
     </span>
     <span class='ocr_line' id='line_1_23' title="bbox 184 2666 1282 2762; baseline 0.012 -30"><span class='ocrx_word' id='word_1_157' title='bbox 184 2669 255 2741; x_wconf 82' lang='lat'>231,</span> <span class='ocrx_word' id='word_1_158' title='bbox 289 2667 318 2730; x_wconf 88' lang='lat'>9.</span> <span class='ocrx_word' id='word_1_159' title='bbox 364 2666 439 2745; x_wconf 84' lang='lat' dir='ltr'>Quo</span> <span class='ocrx_word' id='word_1_160' title='bbox 473 2667 612 2731; x_wconf 90' lang='lat' dir='ltr'>celerius</span> <span class='ocrx_word' id='word_1_161' title='bbox 646 2680 753 2730; x_wconf 83' lang='lat' dir='ltr'>autem</span> <span class='ocrx_word' id='word_1_162' title='bbox 782 2670 889 2739; x_wconf 86' lang='lat' dir='ltr'>auimo</span> <span class='ocrx_word' id='word_1_163' title='bbox 913 2675 1148 2757; x_wconf 81' lang='lat' dir='ltr'>comprehendi</span> <span class='ocrx_word' id='word_1_164' title='bbox 1171 2681 1282 2762; x_wconf 79' lang='lat' dir='ltr'>possit</span> 
     </span>
     <span class='ocr_line' id='line_1_24' title="bbox 183 2768 1279 2865; baseline 0.013 -34"><span class='ocrx_word' id='word_1_165' title='bbox 183 2790 235 2841; x_wconf 90' lang='lat' dir='ltr'>ea,</span> <span class='ocrx_word' id='word_1_166' title='bbox 269 2789 343 2852; x_wconf 87' lang='lat' dir='ltr'>quae</span> <span class='ocrx_word' id='word_1_167' title='bbox 365 2769 398 2830; x_wconf 91' lang='lat' dir='ltr'>iu</span> <span class='ocrx_word' id='word_1_168' title='bbox 420 2768 485 2830; x_wconf 89' lang='lat' dir='ltr'>illis</span> <span class='ocrx_word' id='word_1_169' title='bbox 509 2781 573 2830; x_wconf 87' lang='lat' dir='ltr'>est.</span> <span class='ocrx_word' id='word_1_170' title='bbox 598 2790 704 2830; x_wconf 85' lang='lat' dir='ltr'>rerum</span> <span class='ocrx_word' id='word_1_171' title='bbox 729 2768 919 2852; x_wconf 85' lang='lat' dir='ltr'>dispositio,</span> <span class='ocrx_word' id='word_1_172' title='bbox 942 2774 986 2836; x_wconf 84' lang='lat' dir='ltr'>ite</span> <span class='ocrx_word' id='word_1_173' title='bbox 1010 2798 1077 2839; x_wconf 91' lang='lat' dir='ltr'>rem</span> <span class='ocrx_word' id='word_1_174' title='bbox 1100 2777 1279 2865; x_wconf 83' lang='lat' dir='ltr'>descripsi,</span> 
     </span>
     <span class='ocr_line' id='line_1_25' title="bbox 182 2870 837 2954; baseline 0.003 -22"><span class='ocrx_word' id='word_1_175' title='bbox 182 2883 218 2932; x_wconf 91' lang='lat' dir='ltr'>ut</span> <span class='ocrx_word' id='word_1_176' title='bbox 241 2891 307 2932; x_wconf 92' lang='lat' dir='ltr'>uuo</span> <span class='ocrx_word' id='word_1_177' title='bbox 329 2870 361 2931; x_wconf 90' lang='lat' dir='ltr'>in</span> <span class='ocrx_word' id='word_1_178' title='bbox 385 2883 564 2953; x_wconf 86' lang='lat' dir='ltr'>conspectu</span> <span class='ocrx_word' id='word_1_179' title='bbox 588 2871 837 2954; x_wconf 77' lang='lat' dir='ltr'>perspiceretur.</span> 
     </span>
    </p>
   </div>
   <div class='ocr_carea' id='block_1_4' title="bbox 177 3069 1279 4162">
    <p class='ocr_par' dir='ltr' id='par_1_12' title="bbox 177 3069 1279 3827">
     <span class='ocr_line' id='line_1_26' title="bbox 255 3069 1279 3139; baseline 0.019 -19"><span class='ocrx_word' id='word_1_180' title='bbox 255 3069 289 3121; x_wconf 87' lang='grc'>86</span> <span class='ocrx_word' id='word_1_181' title='bbox 327 3070 369 3123; x_wconf 78' lang='lat' dir='ltr'>Ad</span> <span class='ocrx_word' id='word_1_182' title='bbox 389 3072 445 3126; x_wconf 81' lang='lat' dir='ltr'>htec</span> <span class='ocrx_word' id='word_1_183' title='bbox 464 3075 543 3126; x_wconf 80' lang='lat' dir='ltr'>rcrliu</span> <span class='ocrx_word' id='word_1_184' title='bbox 563 3076 580 3138; x_wconf 49' lang='grc' dir='ltr'>ᾗ</span> <span class='ocrx_word' id='word_1_185' title='bbox 601 3076 634 3126; x_wconf 79' lang='lat'>‘27</span> <span class='ocrx_word' id='word_1_186' title='bbox 651 3073 722 3127; x_wconf 77' lang='grc' dir='ltr'><em>οὕτω</em></span> <span class='ocrx_word' id='word_1_187' title='bbox 736 3072 768 3127; x_wconf 80' lang='grc' dir='ltr'>δι’</span> <span class='ocrx_word' id='word_1_188' title='bbox 779 3097 824 3128; x_wconf 82' lang='grc' dir='ltr'>τοι</span> <span class='ocrx_word' id='word_1_189' title='bbox 839 3083 884 3128; x_wconf 76' lang='grc' dir='ltr'>καὶ</span> <span class='ocrx_word' id='word_1_190' title='bbox 904 3077 990 3132; x_wconf 78' lang='grc' dir='ltr'>ι’λεεῖυ</span> <span class='ocrx_word' id='word_1_191' title='bbox 1008 3077 1053 3130; x_wconf 77' lang='lat' dir='ltr'>r&#39;rrl</span> <span class='ocrx_word' id='word_1_192' title='bbox 1073 3080 1129 3134; x_wconf 82' lang='grc' dir='ltr'><strong><em>κτλ.</em></strong></span> <span class='ocrx_word' id='word_1_193' title='bbox 1149 3085 1279 3139; x_wconf 79' lang='lat' dir='ltr'>lllaetzner</span> 
     </span>
     <span class='ocr_line' id='line_1_27' title="bbox 182 3155 1275 3237; baseline 0.016 -33"><span class='ocrx_word' id='word_1_194' title='bbox 182 3174 208 3224; x_wconf 86' lang='lat' dir='ltr'>p.</span> <span class='ocrx_word' id='word_1_195' title='bbox 228 3156 290 3208; x_wconf 72' lang='lat'>146:</span> <span class='ocrx_word' id='word_1_196' title='bbox 317 3155 397 3208; x_wconf 83' lang='lat' dir='ltr'>&#39;&#39;Haec</span> <span class='ocrx_word' id='word_1_197' title='bbox 426 3176 484 3210; x_wconf 88' lang='lat' dir='ltr'>cum</span> <span class='ocrx_word' id='word_1_198' title='bbox 513 3163 668 3228; x_wconf 72' lang='lat' dir='ltr'>progressis</span> <span class='ocrx_word' id='word_1_199' title='bbox 698 3178 750 3211; x_wconf 91' lang='lat' dir='ltr'>nou</span> <span class='ocrx_word' id='word_1_200' title='bbox 779 3174 840 3226; x_wconf 86' lang='lat' dir='ltr'>apte</span> <span class='ocrx_word' id='word_1_201' title='bbox 864 3163 996 3215; x_wconf 72' lang='lat' dir='ltr'>coherere</span> <span class='ocrx_word' id='word_1_202' title='bbox 1016 3163 1133 3230; x_wconf 78' lang='lat' dir='ltr'>cujusvis</span> <span class='ocrx_word' id='word_1_203' title='bbox 1153 3177 1195 3218; x_wconf 87' lang='lat' dir='ltr'>est</span> <span class='ocrx_word' id='word_1_204' title='bbox 1214 3185 1275 3237; x_wconf 84' lang='lat' dir='ltr'>per-</span> 
     </span>
     <span class='ocr_line' id='line_1_28' title="bbox 181 3240 1276 3321; baseline 0.015 -31"><span class='ocrx_word' id='word_1_205' title='bbox 181 3241 292 3308; x_wconf 84' lang='lat' dir='ltr'>spicere.</span> <span class='ocrx_word' id='word_1_206' title='bbox 330 3240 462 3310; x_wconf 84' lang='lat' dir='ltr'>Suspicor</span> <span class='ocrx_word' id='word_1_207' title='bbox 480 3256 541 3293; x_wconf 85' lang='lat' dir='ltr'>ante</span> <span class='ocrx_word' id='word_1_208' title='bbox 561 3240 631 3293; x_wconf 73' lang='grc' dir='ltr'><em>οὕτω</em></span> <span class='ocrx_word' id='word_1_209' title='bbox 650 3244 775 3294; x_wconf 90' lang='lat' dir='ltr'>nouuullu</span> <span class='ocrx_word' id='word_1_210' title='bbox 795 3243 942 3306; x_wconf 85' lang='lat' dir='ltr'>excidisse,</span> <span class='ocrx_word' id='word_1_211' title='bbox 961 3249 1088 3314; x_wconf 86' lang='lat' dir='ltr'>opposita</span> <span class='ocrx_word' id='word_1_212' title='bbox 1112 3266 1144 3301; x_wconf 86' lang='lat' dir='ltr'>ea</span> <span class='ocrx_word' id='word_1_213' title='bbox 1168 3251 1276 3321; x_wconf 87' lang='lat' dir='ltr'>quidem</span> 
     </span>
     <span class='ocr_line' id='line_1_29' title="bbox 180 3318 1277 3404; baseline 0.019 -33"><span class='ocrx_word' id='word_1_214' title='bbox 180 3323 267 3374; x_wconf 90' lang='lat' dir='ltr'>verbis</span> <span class='ocrx_word' id='word_1_215' title='bbox 287 3318 357 3373; x_wconf 74' lang='lat' dir='ltr'>edroi</span> <span class='ocrx_word' id='word_1_216' title='bbox 376 3351 388 3364; x_wconf 91' lang='lat'><strong>·</strong></span> <span class='ocrx_word' id='word_1_217' title='bbox 404 3352 417 3365; x_wconf 91' lang='lat'><em>-</em></span> <span class='ocrx_word' id='word_1_218' title='bbox 433 3328 478 3374; x_wconf 80' lang='grc' dir='ltr'><em>ιιαι</em></span> <span class='ocrx_word' id='word_1_219' title='bbox 502 3321 588 3375; x_wconf 77' lang='grc' dir='ltr'><strong><em>ἐλεεῖν</em></strong></span> <span class='ocrx_word' id='word_1_220' title='bbox 603 3323 676 3386; x_wconf 77' lang='grc' dir='ltr'><strong><em>κτλ,</em></strong></span> <span class='ocrx_word' id='word_1_221' title='bbox 698 3328 765 3378; x_wconf 80' lang='lat' dir='ltr'>sicut</span> <span class='ocrx_word' id='word_1_222' title='bbox 790 3329 814 3379; x_wconf 94' lang='lat' dir='ltr'>iu</span> <span class='ocrx_word' id='word_1_223' title='bbox 839 3332 1012 3399; x_wconf 85' lang='lat' dir='ltr'>sequentibus</span> <span class='ocrx_word' id='word_1_224' title='bbox 1038 3347 1211 3404; x_wconf 88' lang='lat' dir='ltr'>opponuntur</span> <span class='ocrx_word' id='word_1_225' title='bbox 1232 3339 1277 3394; x_wconf 86' lang='lat' dir='ltr'>illa</span> 
     </span>
     <span class='ocr_line' id='line_1_30' title="bbox 179 3402 1278 3491; baseline 0.019 -35"><span class='ocrx_word' id='word_1_226' title='bbox 179 3410 225 3457; x_wconf 76' lang='grc' dir='ltr'>καὶ</span> <span class='ocrx_word' id='word_1_227' title='bbox 245 3402 337 3477; x_wconf 75' lang='grc' dir='ltr'><em>ὥσπερ</em></span> <span class='ocrx_word' id='word_1_228' title='bbox 363 3434 375 3448; x_wconf 93' lang='lat'><em>·</em></span> <span class='ocrx_word' id='word_1_229' title='bbox 392 3435 403 3448; x_wconf 93' lang='lat'>·</span> <span class='ocrx_word' id='word_1_230' title='bbox 431 3404 577 3459; x_wconf 74' lang='grc' dir='ltr'>ἀπώλεσαν</span> <span class='ocrx_word' id='word_1_231' title='bbox 593 3410 633 3462; x_wconf 90' lang='lat' dir='ltr'>his</span> <span class='ocrx_word' id='word_1_232' title='bbox 657 3407 728 3462; x_wconf 76' lang='grc' dir='ltr'><em>οὕτω</em></span> <span class='ocrx_word' id='word_1_233' title='bbox 753 3417 799 3463; x_wconf 75' lang='grc' dir='ltr'>καὶ</span> <span class='ocrx_word' id='word_1_234' title='bbox 816 3440 828 3454; x_wconf 93' lang='lat'><em>·</em></span> <span class='ocrx_word' id='word_1_235' title='bbox 845 3441 856 3454; x_wconf 94' lang='lat'>·</span> <span class='ocrx_word' id='word_1_236' title='bbox 877 3413 926 3480; x_wconf 83' lang='grc' dir='ltr'>τῆς</span> <span class='ocrx_word' id='word_1_237' title='bbox 949 3410 1126 3486; x_wconf 71' lang='grc' dir='ltr'><em>δικαιοτάτης</em></span> <span class='ocrx_word' id='word_1_238' title='bbox 1150 3419 1184 3473; x_wconf 73' lang='grc' dir='ltr'>ἂν</span> <span class='ocrx_word' id='word_1_239' title='bbox 1200 3421 1278 3491; x_wconf 81' lang='grc' dir='ltr'><em>τῦχοι</em></span> 
     </span>
     <span class='ocr_line' id='line_1_31' title="bbox 179 3491 1274 3583; baseline 0.019 -41"><span class='ocrx_word' id='word_1_240' title='bbox 179 3491 344 3563; x_wconf 81' lang='grc' dir='ltr'><em>τιμωρίας.”</em></span> <span class='ocrx_word' id='word_1_241' title='bbox 381 3491 548 3545; x_wconf 82' lang='lat' dir='ltr'>Rectissime.</span> <span class='ocrx_word' id='word_1_242' title='bbox 585 3495 645 3548; x_wconf 76' lang='lat' dir='ltr'>Haec</span> <span class='ocrx_word' id='word_1_243' title='bbox 670 3497 724 3548; x_wconf 83' lang='lat' dir='ltr'>sere</span> <span class='ocrx_word' id='word_1_244' title='bbox 754 3501 885 3551; x_wconf 86' lang='lat' dir='ltr'>sententia</span> <span class='ocrx_word' id='word_1_245' title='bbox 913 3502 1008 3571; x_wconf 81' lang='lat' dir='ltr'>requiri</span> <span class='ocrx_word' id='word_1_246' title='bbox 1037 3505 1152 3560; x_wconf 82' lang='lat' dir='ltr'>ridetur:</span> <span class='ocrx_word' id='word_1_247' title='bbox 1181 3507 1274 3583; x_wconf 77' lang='grc' dir='ltr'><em>ὥσπερ</em></span> 
     </span>
     <span class='ocr_line' id='line_1_32' title="bbox 180 3571 1277 3662; baseline 0.016 -35"><span class='ocrx_word' id='word_1_248' title='bbox 180 3571 213 3643; x_wconf 81' lang='grc' dir='ltr'><em>δὴ</em></span> <span class='ocrx_word' id='word_1_249' title='bbox 233 3594 286 3628; x_wconf 82' lang='grc' dir='ltr'>που</span> <span class='ocrx_word' id='word_1_250' title='bbox 306 3572 351 3629; x_wconf 78' lang='grc' dir='ltr'>δεῖ</span> <span class='ocrx_word' id='word_1_251' title='bbox 369 3575 415 3629; x_wconf 78' lang='grc' dir='ltr'>ἐπὶ</span> <span class='ocrx_word' id='word_1_252' title='bbox 438 3577 476 3645; x_wconf 73' lang='grc' dir='ltr'>τῷ</span> <span class='ocrx_word' id='word_1_253' title='bbox 495 3577 624 3634; x_wconf 73' lang='grc' dir='ltr'><em>ἑκουσίως</em></span> <span class='ocrx_word' id='word_1_254' title='bbox 649 3586 694 3632; x_wconf 80' lang='grc' dir='ltr'>καὶ</span> <span class='ocrx_word' id='word_1_255' title='bbox 724 3579 753 3644; x_wconf 78' lang='grc' dir='ltr'>ἐξ</span> <span class='ocrx_word' id='word_1_256' title='bbox 780 3581 926 3654; x_wconf 70' lang='grc' dir='ltr'>ἐπιβουλῆς</span> <span class='ocrx_word' id='word_1_257' title='bbox 953 3585 1113 3640; x_wconf 77' lang='grc' dir='ltr'><em>ἀποκτεῖναι</em></span> <span class='ocrx_word' id='word_1_258' title='bbox 1137 3595 1277 3662; x_wconf 80' lang='grc' dir='ltr'><em>τιμωρίαν</em></span> 
     </span>
     <span class='ocr_line' id='line_1_33' title="bbox 177 3657 1275 3748; baseline 0.017 -36"><span class='ocrx_word' id='word_1_259' title='bbox 177 3657 329 3730; x_wconf 75' lang='grc' dir='ltr'>λαμβάνειν</span> <span class='ocrx_word' id='word_1_260' title='bbox 352 3659 455 3730; x_wconf 78' lang='grc' dir='ltr'>μᾶλλον</span> <span class='ocrx_word' id='word_1_261' title='bbox 472 3662 491 3730; x_wconf 75' lang='grc' dir='ltr'><em>ἢ</em></span> <span class='ocrx_word' id='word_1_262' title='bbox 510 3663 556 3716; x_wconf 78' lang='grc' dir='ltr'>ἐπὶ</span> <span class='ocrx_word' id='word_1_263' title='bbox 574 3665 614 3733; x_wconf 73' lang='grc' dir='ltr'>τῷ</span> <span class='ocrx_word' id='word_1_264' title='bbox 633 3664 767 3722; x_wconf 76' lang='grc' dir='ltr'><em>ἀκουσίως</em></span> <span class='ocrx_word' id='word_1_265' title='bbox 795 3675 840 3720; x_wconf 73' lang='grc' dir='ltr'>καὶ</span> <span class='ocrx_word' id='word_1_266' title='bbox 869 3667 899 3732; x_wconf 74' lang='grc' dir='ltr'>ἐξ</span> <span class='ocrx_word' id='word_1_267' title='bbox 923 3667 1061 3743; x_wconf 76' lang='grc' dir='ltr'><em>ἁμαρτίας</em></span> <span class='ocrx_word' id='word_1_268' title='bbox 1087 3671 1226 3748; x_wconf 77' lang='grc' dir='ltr'>βλαβερόν</span> <span class='ocrx_word' id='word_1_269' title='bbox 1246 3698 1275 3731; x_wconf 85' lang='grc' dir='ltr'>τι</span> 
     </span>
     <span class='ocr_line' id='line_1_34' title="bbox 177 3743 1175 3827; baseline 0.017 -32"><span class='ocrx_word' id='word_1_270' title='bbox 177 3743 293 3817; x_wconf 76' lang='grc' dir='ltr'><em>πρᾶξαι,</em></span> <span class='ocrx_word' id='word_1_271' title='bbox 313 3743 384 3798; x_wconf 77' lang='grc' dir='ltr'><em>οὕτω</em></span> <span class='ocrx_word' id='word_1_272' title='bbox 404 3745 438 3815; x_wconf 80' lang='grc' dir='ltr'>δή</span> <span class='ocrx_word' id='word_1_273' title='bbox 456 3767 501 3800; x_wconf 84' lang='grc' dir='ltr'>τοι</span> <span class='ocrx_word' id='word_1_274' title='bbox 517 3755 562 3801; x_wconf 75' lang='grc' dir='ltr'>καὶ</span> <span class='ocrx_word' id='word_1_275' title='bbox 582 3748 667 3803; x_wconf 77' lang='grc' dir='ltr'><strong><em>ἐλεεῖν</em></strong></span> <span class='ocrx_word' id='word_1_276' title='bbox 682 3749 739 3804; x_wconf 80' lang='grc' dir='ltr'><strong><em>κτλ.</em></strong></span> <span class='ocrx_word' id='word_1_277' title='bbox 777 3753 816 3806; x_wconf 78' lang='lat' dir='ltr'>Cl·</span> <span class='ocrx_word' id='word_1_278' title='bbox 835 3759 957 3809; x_wconf 72' lang='grc' dir='ltr'>Λουκίου.</span> <span class='ocrx_word' id='word_1_279' title='bbox 976 3776 1000 3827; x_wconf 90' lang='lat' dir='ltr'>p.</span> <span class='ocrx_word' id='word_1_280' title='bbox 1020 3759 1079 3821; x_wconf 76' lang='lat'>190,</span> <span class='ocrx_word' id='word_1_281' title='bbox 1098 3760 1175 3813; x_wconf 77' lang='lat'>5-8.</span> 
     </span>
    </p>

    <p class='ocr_par' dir='ltr' id='par_1_13' title="bbox 179 3830 1273 4074">
     <span class='ocr_line' id='line_1_35' title="bbox 250 3830 1273 3919; baseline 0.021 -39"><span class='ocrx_word' id='word_1_282' title='bbox 250 3831 285 3881; x_wconf 87' lang='grc'>87</span> <span class='ocrx_word' id='word_1_283' title='bbox 320 3830 359 3884; x_wconf 85' lang='lat' dir='ltr'>De</span> <span class='ocrx_word' id='word_1_284' title='bbox 379 3832 424 3892; x_wconf 89' lang='lat' dir='ltr'>iis,</span> <span class='ocrx_word' id='word_1_285' title='bbox 443 3836 705 3903; x_wconf 74' lang='lat' dir='ltr'>qrirein§28surrt,</span> <span class='ocrx_word' id='word_1_286' title='bbox 725 3839 757 3893; x_wconf 86' lang='lat' dir='ltr'>cf.</span> <span class='ocrx_word' id='word_1_287' title='bbox 775 3843 793 3907; x_wconf 79' lang='lat'>§</span> <span class='ocrx_word' id='word_1_288' title='bbox 813 3840 828 3890; x_wconf 81' lang='grc'>5</span> <span class='ocrx_word' id='word_1_289' title='bbox 848 3858 908 3912; x_wconf 86' lang='lat' dir='ltr'>sqq.</span> <span class='ocrx_word' id='word_1_290' title='bbox 945 3841 985 3896; x_wconf 86' lang='lat' dir='ltr'>De</span> <span class='ocrx_word' id='word_1_291' title='bbox 1003 3845 1021 3908; x_wconf 62' lang='grc'><strong>6</strong></span> <span class='ocrx_word' id='word_1_292' title='bbox 1041 3846 1152 3908; x_wconf 78' lang='lat'>‘29-30,</span> <span class='ocrx_word' id='word_1_293' title='bbox 1172 3849 1197 3899; x_wconf 86' lang='lat' dir='ltr'>in</span> <span class='ocrx_word' id='word_1_294' title='bbox 1216 3849 1273 3919; x_wconf 89' lang='lat' dir='ltr'>qui-</span> 
     </span>
     <span class='ocr_line' id='line_1_36' title="bbox 179 3911 1273 4004; baseline 0.019 -40"><span class='ocrx_word' id='word_1_295' title='bbox 179 3913 229 3966; x_wconf 91' lang='lat' dir='ltr'>bus</span> <span class='ocrx_word' id='word_1_296' title='bbox 250 3916 319 3967; x_wconf 86' lang='lat' dir='ltr'>inest</span> <span class='ocrx_word' id='word_1_297' title='bbox 338 3911 511 3986; x_wconf 80' lang='grc' dir='ltr'><em>ἕπιδιήγησις</em></span> <span class='ocrx_word' id='word_1_298' title='bbox 531 3921 649 3989; x_wconf 75' lang='lat' dir='ltr'>quedam</span> <span class='ocrx_word' id='word_1_299' title='bbox 668 3923 729 3988; x_wconf 84' lang='lat' dir='ltr'>(vid.</span> <span class='ocrx_word' id='word_1_300' title='bbox 749 3928 880 3997; x_wconf 83' lang='lat' dir='ltr'>Anonym.</span> <span class='ocrx_word' id='word_1_301' title='bbox 900 3929 1056 4000; x_wconf 84' lang='lat' dir='ltr'>Seguerian.</span> <span class='ocrx_word' id='word_1_302' title='bbox 1069 3949 1096 4000; x_wconf 86' lang='lat' dir='ltr'>p·</span> <span class='ocrx_word' id='word_1_303' title='bbox 1110 3929 1170 3992; x_wconf 81' lang='lat'>436,</span> <span class='ocrx_word' id='word_1_304' title='bbox 1185 3935 1201 3984; x_wconf 82' lang='lat'>‘2</span> <span class='ocrx_word' id='word_1_305' title='bbox 1214 3950 1273 4004; x_wconf 87' lang='lat' dir='ltr'>sqq.</span> 
     </span>
     <span class='ocr_line' id='line_1_37' title="bbox 179 3997 646 4074; baseline 0.021 -25"><span class='ocrx_word' id='word_1_306' title='bbox 179 3997 283 4051; x_wconf 81' lang='lat' dir='ltr'>Teubu.</span> <span class='ocrx_word' id='word_1_307' title='bbox 302 3998 344 4051; x_wconf 89' lang='lat' dir='ltr'>cd.</span> <span class='ocrx_word' id='word_1_308' title='bbox 364 3998 515 4074; x_wconf 80' lang='lat' dir='ltr'>Spengel),</span> <span class='ocrx_word' id='word_1_309' title='bbox 534 4005 601 4072; x_wconf 58' lang='grc' dir='ltr'>οἰδ</span> <span class='ocrx_word' id='word_1_310' title='bbox 623 4010 646 4060; x_wconf 92' lang='lat' dir='ltr'>l.</span> 
     </span>
    </p>

    <p class='ocr_par' dir='ltr' id='par_1_14' title="bbox 249 4082 709 4162">
     <span class='ocr_line' id='line_1_38' title="bbox 249 4082 709 4162; baseline 0.013 -26"><span class='ocrx_word' id='word_1_311' title='bbox 249 4082 284 4138; x_wconf 87' lang='grc'>88</span> <span class='ocrx_word' id='word_1_312' title='bbox 319 4083 359 4139; x_wconf 81' lang='lat' dir='ltr'>Cf.</span> <span class='ocrx_word' id='word_1_313' title='bbox 378 4088 499 4141; x_wconf 75' lang='lat' dir='ltr'>Artaxim.</span> <span class='ocrx_word' id='word_1_314' title='bbox 519 4091 578 4153; x_wconf 72' lang='grc'><strong>236,</strong></span> <span class='ocrx_word' id='word_1_315' title='bbox 599 4092 630 4141; x_wconf 89' lang='grc'>19</span> <span class='ocrx_word' id='word_1_316' title='bbox 649 4111 709 4162; x_wconf 86' lang='lat' dir='ltr'>sqq.</span> 
     </span>
    </p>
   </div>
   <div class='ocr_carea' id='block_1_5' title="bbox 0 0 1474 5026">
    <p class='ocr_par' dir='ltr' id='par_1_15' title="bbox 0 0 1474 5026">
     <span class='ocr_line' id='line_1_39' title="bbox 0 0 1474 5026; baseline 0 5"><span class='ocrx_word' id='word_1_317' title='bbox 0 0 1474 5026; x_wconf 95' lang='lat' dir='ltr'> </span> 
     </span>
    </p>
   </div>
  </div>
 </body>
</html>
