2940 5026
425 550 485 625 111,
507 551 574 614 ιν
1001 550 1062 625 ut,
1083 553 1115 635 a.

263 690 501 776 Προοίμιον.
825 688 1051 775 Προοίμιον
1072 687 1090 771 §
1117 685 1206 751 1-2.

176 843 179 847 .
217 794 240 855 l.
285 789 402 855 Causae
425 811 577 872 eae‚quae
593 811 660 873 quo
676 789 707 852 in
719 790 802 875 ju·l.
847 789 956 869 Quum
972 790 1104 873 quietus
1119 786 1335 852 civisaforo·
1352 783 1399 854 7¹·

284 898 320 939 re
343 877 423 947 sint,
446 877 529 938 iuter
552 897 666 938 omnes
696 899 772 939 con·
848 897 913 958 que
935 875 1059 938 alienus
1084 875 1161 949 situ,
1184 895 1250 937 uon
1273 875 1334 937 nisi

285 970 366 1035 stat,
388 960 454 1044 vell)
466 961 594 1042 legibus
611 973 642 1023 et
658 962 771 1026 sullra-
848 961 1189 1023 necessitatecuaetus
1200 958 1335 1023 adbaue

284 1047 347 1133 giis
382 1045 617 1131 dijudicantut·;
644 1068 707 1121 ete,
732 1049 771 1110 de
848 1044 1337 1108 causandicendamaoceddt.

285 1132 405 1216 quibus
447 1132 674 1198 controversia
707 1147 771 1196 est.
846 1130 907 1215 §l
922 1128 1008 1216 πρὸς
1022 1129 1162 1194 εὔνοιαν.
1184 1129 1232 1194 Cf.
1249 1132 1336 1195 Ana·

286 1240 350 1280 non
366 1217 451 1279 item.
464 1213 522 1279 ἐπὶ
533 1214 570 1278 τὸ
584 1222 771 1300 προσέχειν.
849 1217 922 1280 xim.
939 1217 1012 1291 217,
1032 1217 1077 1280 tt.
1094 1216 1167 1285 230.
1188 1215 1224 1279 17
1240 1237 1289 1300 sq.

284 1300 491 1387 apellem
509 1303 532 1364 1.
555 1302 622 1365 init.
782 1306 814 1366 ll.
843 1300 1009 1366 Defensor
1025 1323 1096 1365 sum
1112 1302 1266 1374 incausti,
1279 1322 1338 1363 cu·

452 1403 454 1407 ’
842 1386 899 1472 jus
923 1410 983 1452 uec
1012 1386 1254 1471 cognoscendae
1277 1407 1340 1448 nec

848 1472 997 1537 dicendae
1009 1473 1165 1535 rationem
1190 1471 1271 1535 satis
1284 1491 1337 1533 as-

848 1569 982 1622 secutus
994 1558 1065 1621 sim.
1088 1563 1107 1635 S
1122 1559 1144 1620 l.
1157 1555 1332 1641 πρόθεσις.

783 1648 827 1707 lll.
851 1643 962 1723 Quare
984 1643 1027 1707 ad
1051 1642 1254 1706 elernentinur
1279 1663 1334 1704 ve·
1354 1637 1405 1706 73„

848 1740 958 1802 stram,
966 1729 1108 1814 judices.
1121 1728 1275 1812 coniugio
1288 1741 1336 1789 at·

850 1836 916 1898 que
927 1836 1003 1884 oro,
1019 1826 1064 1882 ut,
1080 1814 1110 1875 si
1125 1835 1212 1876 novo
1230 1834 1338 1895 eoque

849 1900 950 1983 paulo
984 1898 1156 1962 subtiliore
1204 1897 1338 1961 dicendi

848 2007 967 2069 genere
990 1997 1073 2055 utar,
1093 2006 1132 2046 ne
1147 1982 1269 2046 idcirco
1285 2005 1337 2044 rue.

849 2092 950 2135 causa
965 2070 1086 2134 cudere
1103 2069 1233 2140 sinatis,
1254 2089 1338 2131 neve

849 2178 888 2216 ex
905 2156 1060 2239 opinione
1064 2154 1226 2239 judiciuin
1239 2152 1337 2216 facia-

848 2240 906 2309 tis.
919 2261 983 2303 uon
996 2262 1038 2302 ex
1049 2240 1094 2301 rei
1109 2236 1204 2301 litctae
1217 2239 1340 2301 verita·

848 2324 932 2388 te.¹⁰⁰
944 2323 964 2408 ᾗ
976 2324 1005 2388 2.
1028 2322 1086 2387 ἐπὶ
1098 2321 1135 2386 τὸ
1148 2327 1339 2409 προσέχειν.

238 2496 279 2548 cll.
299 2495 384 2547 Tbuc.
403 2499 423 2556 1.
443 2495 483 2546 36.
520 2491 607 2564 Hujus
626 2492 822 2547 emendationis
848 2493 1032 2548 defensionem
1055 2495 1081 2546 in
1104 2508 1228 2546 emunata
1248 2494 1289 2546 illa
1310 2505 1338 2546 et

238 2581 357 2652 perfecta
376 2581 448 2651 apud
468 2581 659 2650 Antiphontem
678 2582 858 2632 membrorum
875 2582 1068 2634 enunciatiouis
1087 2581 1155 2632 inter
1174 2597 1204 2631 se
1224 2593 1339 2632 couten-

238 2667 311 2719 tione
330 2668 448 2736 positam
465 2667 520 2718 vult
539 2667 577 2717 uir
595 2652 706 2727 doctus,
726 2668 774 2717 uisi
794 2667 864 2718 forte
884 2666 1047 2718 contentioni
1066 2667 1101 2718 illi
1120 2667 1181 2734 plus
1197 2664 1274 2734 justo
1291 2666 1339 2717 tri·

238 2752 302 2804 buit.
339 2752 404 2804 Mibi
421 2751 525 2804 videtur
543 2761 589 2804 eut
605 2751 717 2802 Bekkeri
737 2751 891 2804 emendatio
906 2751 1047 2822 probanda
1071 2765 1113 2802 atu
1140 2784 1166 2791 -
1188 2751 1261 2821 quod
1281 2752 1339 2802 sor·

238 2847 315 2893 tasse
333 2838 499 2908 probabilius
518 2847 562 2888 est
581 2866 612 2877 -—
632 2854 682 2906 pro
700 2835 861 2890 HAr’GAr
874 2836 1016 2908 legendum
1034 2835 1205 2890 HAHGAI.

309 2924 344 2977 94
379 2924 471 2994 incipit
488 2923 514 2975 in
533 2922 547 2992 §
567 2925 583 2976 4
602 2923 635 2974 ab
654 2923 695 2975 his
714 2922 815 2974 verbis:
835 2928 903 2991 φασὶ
922 2919 952 2975 δι’
969 2921 1028 2974 τῶν
1043 2922 1095 2989 μὲν
1112 2918 1172 2973 κτλ.

309 3010 343 3061 95
379 3009 394 3078 §
414 3011 438 3065 5.
456 3005 561 3060 τούτων
579 3003 609 3061 δὲ
629 3004 733 3075 μᾶλλον
750 3005 768 3058 ii
785 3000 857 3061 riade
868 2999 902 3074 ἧν
919 3003 1081 3080 δρασάντων
1098 3000 1129 3058 οἱ
1142 3004 1194 3074 μὲν
1213 3002 1260 3056 ἐπὶ
1276 3005 1340 3060 τοῖς

240 3092 362 3164 ἱματιόιι
383 3091 600 3163 διαφθείραντες
617 3091 715 3147 siecle
733 3089 781 3144 οὐκ
805 3090 840 3143 ἂν
862 3091 903 3144 ἔτι
929 3087 1043 3145 εἰκότων
1066 3088 1208 3158 epicteto,
1230 3087 1283 3160 ἐγώ
1305 3086 1339 3143 di

240 3176 479 3249 ἀπὴϋαγμαιτῆι
498 3174 631 3248 ὑποψίαι.
667 3177 726 3230 Nec
744 3177 844 3229 Reiskii
864 3176 942 3245 hujus
970 3177 1022 3227 loci
1049 3175 1241 3245 interpretandi
1269 3177 1339 3229 ratio

240 3265 349 3335 probari
367 3262 422 3316 ullo
440 3262 522 3314 modo
542 3273 647 3332 potest,
675 3273 703 3314 et
725 3262 860 3314 Maetzneri
879 3263 915 3314 ite
934 3261 1040 3314 demum
1060 3278 1120 3313 vera
1139 3261 1263 3314 habende
1282 3269 1340 3324 est,

241 3351 263 3402 si
281 3346 386 3400 reisue
403 3348 552 3418 '’pertiucrc
571 3347 604 3399 ad
616 3364 673 3409 cos,
691 3365 761 3418 quos
776 3347 839 3400 caedi
853 3348 1027 3400 intervenisse
1040 3359 1125 3418 ponat
1138 3347 1246 3399 ‹tratct”
1264 3357 1340 3399 recte

242 3433 343 3487 dixisse
362 3432 462 3485 dicitur.
500 3431 595 3502 Neque
614 3450 681 3485 sana
699 3434 748 3485 erit
766 3433 844 3503 hujus
865 3433 915 3485 loci
934 3435 1076 3496 sententia,
1094 3434 1145 3486 uisi
1157 3433 1338 3486 verbsemeu-

242 3520 305 3574 data
323 3529 408 3572 erunt.
444 3519 516 3571 Ante
535 3513 607 3572 εἰκός
626 3520 764 3572 verisimile
783 3527 826 3572 est
844 3515 902 3570 οὗιι
920 3519 1066 3580 excidisse,
1086 3519 1160 3589 quod
1182 3519 1259 3571 facile
1281 3518 1337 3569 fieri

242 3606 330 3676 potuit
343 3612 454 3675 propter
466 3605 627 3675 syllabarum
646 3599 699 3666 ιῖιι
714 3616 740 3658 et
759 3603 818 3658 οὐκ
836 3604 1040 3657 similitudinem.
1077 3603 1138 3667 Quo
1158 3604 1230 3656 lacto
1243 3611 1338 3672 aperta

242 3691 276 3745 ed
296 3691 496 3762 intelligendum
515 3701 592 3744 erunt
611 3693 711 3757 ornnia;
730 3695 770 3746 sin
789 3692 888 3753 miuus,
913 3708 967 3743 nou
991 3701 1078 3743 erum.
1113 3690 1165 3752 Hi,
1184 3690 1237 3760 qui
1257 3685 1338 3740 cadi

243 3779 471 3832 intervenisse
490 3777 655 3841 dicuntur,
674 3781 701 3832 si
720 3779 751 3832 id
770 3778 947 3839 fecissent,
967 3775 1055 3847 quod
1073 3776 1255 3830 verisimile
1273 3791 1338 3827 non

244 3873 295 3917 est
313 3864 369 3927 lint.
388 3879 437 3915 eos
455 3862 567 3926 secisse,
585 3865 600 3916 i.
618 3881 641 3920 e.
660 3865 684 3917 si
703 3866 907 3936 cognovissent,
935 3865 980 3932 qui
1007 3871 1102 3915 esseut
1128 3859 1341 3923 interfectores),

243 3967 302 4002 nec
320 3949 471 4002 latrones
499 3951 687 4003 etiamnunc
713 3951 813 4004 liberi
841 3959 972 4014 esseut,
998 3958 1030 4002 et
1057 3965 1117 4018 ego
1141 3947 1341 4018 suspicione

243 4023 406 4087 liberatus
420 4034 487 4106 jam
504 4051 620 4087 essem
656 4034 697 4088 De
714 4037 856 4090 verborum
874 4034 963 4090 modis
987 4033 1020 4087 cl.
1040 4033 1168 4103 Kruegcr.
1188 4032 1300 4086 Gra-Gr.
1319 4032 1342 4094 l,

245 4120 289 4183 65,
306 4123 332 4182 5,
348 4118 373 4172 b
