2940 5026
1125 438 1167 504 ‘51

156 616 188 703 b)
210 615 262 681 De
284 615 393 701 legum
414 609 608 698 praestantia
619 610 657 673 ²⁰.
680 608 698 695 ἓ
724 606 857 675 14-15.

155 713 380 802 3)’,ι1παγωγῇ
412 716 445 778 in
480 735 530 777 me
562 712 615 776 usi
644 721 722 775 sunt
743 709 939 785 adversarii,
962 710 1138 775 utiterum
1161 733 1211 776 me

178 816 286 900 φόνου
308 818 402 902 δίκης
423 835 581 878 accusare
604 819 744 898 possent
754 811 790 875 ²¹.
813 811 831 895 ᾖ
858 812 904 875 16.

154 920 180 999 ⁴)
205 919 343 982 Vinctus
383 938 470 988 sum,
509 915 569 978 etsi
608 914 711 978 vades
746 913 825 976 dare
850 913 1010 977 volebam.
1033 913 1051 997 ξ
1078 914 1212 980 17-18.

177 1020 262 1105 πρὸς
283 1016 463 1101 εὐμένειαν.
509 1017 556 1082 Of.
590 1017 693 1080 Anax.
728 1038 759 1099 p.
793 1014 865 1089 216,
893 1016 917 1078 1.
940 1014 1140 1088 ἐλαττώσεις.
1164 1015 1213 1081 Cf.

178 1121 246 1208 huj.
270 1144 316 1186 or.
341 1119 360 1206 5
387 1121 424 1185 19
446 1121 504 1194 im,
527 1118 674 1182 Anaxim.
699 1115 776 1193 215,
799 1116 850 1182 21.
873 1116 945 1193 229,
973 1117 1019 1182 16.

118 1220 366 1307 1Η.Πρόθεσις.
389 1220 409 1307 §
435 1221 483 1286 19.

158 1318 383 1404 ἀπαγγελία
408 1321 543 1387 20-24.

115 1424 138 1488 I.
182 1425 309 1488 Aenum
348 1422 522 1510 navigandi
557 1422 728 1487 consilium
752 1423 793 1486 ab
817 1421 902 1485 Helo
925 1421 1000 1507 ipso
1024 1429 1056 1486 et
1079 1420 1214 1485 Herode

115 1592 226 1645 rendum
245 1594 358 1659 videtur,
376 1593 464 1666 quod,
482 1610 564 1663 quum
577 1602 604 1646 et
617 1593 698 1646 Belli.
718 1600 745 1644 et
763 1591 869 1644 Turicc.
883 1592 934 1643 hoc
948 1591 1010 1644 loco
1029 1589 1079 1659 ἐμὲ
1097 1593 1214 1662 scripse·

116 1679 181 1742 rint,
199 1680 225 1731 in
243 1681 322 1733 simili
339 1683 401 1734 loco
422 1679 485 1750 lays.
504 1678 577 1741 Vlll,
599 1679 629 1730 19
647 1696 688 1745 με
705 1674 813 1745 μόνον
829 1695 879 1748 pro
898 1674 947 1744 ἐμὲ
965 1674 1052 1744 μόνον
1068 1677 1192 1730 retinent

186 1765 221 1818 20
256 1764 271 1835 ἕ
291 1766 323 1816 14
342 1761 356 1817 ὃ
374 1766 426 1836 γάρ
448 1761 547 1836 χρόνος
564 1769 610 1816 καὶ
627 1760 644 1831 ή
664 1760 797 1834 ἐμπειρία
813 1764 849 1813 vd
866 1764 904 1829 μή
923 1758 1012 1816 καλῶς
1026 1758 1123 1826 ἔχοντα
1141 1758 1213 1814 ἔκδι-

115 1842 291 1905 (idoneitatis
310 1847 487 1921 ἀνθρώποις.
524 1849 614 1903 Reisk.
633 1850 658 1901 in
679 1847 733 1900 lud.
752 1865 773 1900 s.
793 1866 815 1899 v.
834 1842 1018 1899 ἐκδιδάσιιιινς
1041 1847 1119 1900 ”uum
1138 1845 1168 1900 ἐκ
1186 1848 1213 1901 iu

114 1933 164 1984 hac
183 1936 381 2004 compositione
400 1936 470 1988 idem
489 1948 570 2007 atque
593 1935 715 1987 latinum
736 1933 775 1986 de
794 1933 879 1996 valet,
898 1932 1052 1986 dedocet.
1071 1933 1141 1985 conl.
1154 1933 1215 1994 141,

114 2017 163 2071 24”
183 2019 227 2087 [=
246 2019 293 2083 Vl,
311 2019 348 2089 21.
385 2020 487 2074 Locum
507 2023 575 2075 male
593 2021 758 2074 intellexisse
785 2017 889 2070 videtur
910 2019 949 2070 vir
973 2018 1213 2089 ingeniosissimus.

115 2105 156 2155 Ac
173 2106 213 2155 cd
228 2106 272 2172 μή
291 2102 401 2160 καλῶς
419 2104 544 2173 ἔχοντα
566 2106 659 2160 eadem
679 2106 861 2176 intelliguntur
887 2120 964 2167 esse,
991 2121 1049 2174 quae
1077 2120 1122 2166 ea,
1153 2120 1213 2173 quae

116 2205 198 2259 supra
224 2191 316 2243 insunt
341 2191 367 2243 in
395 2210 435 2243 vv.
453 2196 536 2262 περὶ
554 2190 622 2243 τοῖν
642 2187 765 2251 αὐτῶν,
785 2191 802 2242 i.
825 2205 847 2241 e.
864 2190 900 2240 τά
918 2185 1115 2260 ἁμαρτήματα.
1152 2188 1213 2241 Ηοσ

115 2273 172 2327 fere
190 2274 255 2328 dicit
273 2286 377 2328 orator:
393 2275 482 2347 Leges
502 2277 598 2329 Atticae
617 2285 644 2328 et
663 2275 853 2346 antiquissime
866 2284 929 2326 sunt
948 2284 975 2326 et
993 2273 1091 2327 eedem
1105 2290 1214 2343 semper

116 2359 150 2412 de
169 2359 263 2414 iisdem
284 2360 402 2422 delictis3
421 2361 447 2413 id
467 2361 540 2431 quod
559 2362 674 2431 optimas
703 2377 749 2412 ees
777 2376 841 2412 esse
868 2358 1012 2429 significat3
1035 2358 1211 2428 jamdudum

115 2446 184 2497 enim
204 2447 311 2515 cognitu
329 2447 354 2497 in
373 2447 424 2498 illis
444 2455 507 2499 sunt
533 2456 559 2500 et
587 2456 678 2499 notata
707 2446 808 2501 omnia,
836 2461 1002 2514 quancunque
1029 2444 1120 2497 solent
1138 2461 1213 2509 esse,

115 2539 228 2600 peccatu
247 2538 275 2582 et
293 2529 397 2583 delicta.
434 2530 503 2582 Nam
523 2531 616 2584 dehis
635 2548 689 2582 non
709 2530 760 2582 nisi
779 2529 837 2581 dies
857 2538 884 2581 et
902 2529 1030 2599 plurimus
1049 2546 1213 2583 rerumusus

116 2614 238 2667 homines
257 2614 363 2668 docent.

187 2701 217 2752 21
257 2700 271 2769 ξ
293 2702 324 2753 16
342 2701 439 2754 ἔπειτα
458 2696 488 2754 δὲ
508 2698 556 2766 οὔχ
575 2697 612 2754 ὥς
632 2696 768 2751 πιστεύων
785 2697 824 2764 τῷ
841 2695 984 2770 πράγματι
1004 2695 1225 2769 ἀναμφισβητήι,

115 2800 170 2837 τως
187 2781 235 2835 ἕνα
251 2786 301 2837 τὸν
324 2783 416 2855 ἀγῶνα
438 2791 504 2858 περὶ
521 2783 571 2838 voi
589 2782 751 2853 πράγματος
769 2779 903 2849 ἐποιήσω,
921 2778 988 2833 ἀλλὰ
1006 2779 1215 2858 ἀμφισβήτησιν

115 2871 162 2919 ναὶ
178 2864 260 2936 λόγον
275 2864 408 2921 ὖπελίπσα
422 2866 458 2924 ὡς
469 2875 515 2921 καὶ
532 2869 608 2923 τοῖς
626 2867 704 2920 τότε
723 2862 904 2920 δικασταῖς
922 2862 1091 2931 ἀπιστήσων.
1120 2867 1213 2920 Moetz·

117 2969 165 3005 ner
183 2951 218 3003 nd
236 2951 260 3003 h.
278 2953 295 3003 1.
313 2971 340 3022 p.
359 2954 423 3006 210:
451 2953 593 3013 ”iiidicem
620 2952 654 3005 de
681 2952 778 3020 quibus
802 2950 928 3019 loquitur,
956 2961 1020 3002 sunt
1038 2951 1068 3010 ii,
1095 2950 1213 3019 quitum

117 3036 265 3099 sedebunt,
292 3053 373 3106 quum
400 3053 461 3090 reus
489 3038 515 3089 in
541 3039 591 3090 hac
620 3050 742 3106 apagoge
770 3034 911 3085 absolutus
931 3035 1020 3085 denno
1039 3051 1088 3103 per
1104 3036 1215 3105 γραφήν

119 3118 206 3189 φόνου
224 3120 303 3174 suerit
321 3130 475 3174 aecusatus.
515 3120 585 3174 Τότε
604 3122 671 3174 enim
692 3120 726 3172 ad
744 3119 860 3171 futurum
888 3135 995 3189 qnoque
1020 3127 1125 3187 tempus
1145 3119 1224 3180 refe-2

118 3213 186 3259 runt.
223 3205 323 3259 Verum
343 3205 441 3277 aliquid
461 3208 556 3260 absoni
575 3206 674 3258 habent
692 3205 774 3257 verbe
793 3200 829 3257 ὥς
846 3209 892 3255 καὶ
910 3204 970 3257 τοῖς
987 3201 1051 3256 τότε
1071 3198 1214 3261 δικασταῖς

117 3287 287 3356 ἀπιστήσων,
313 3292 530 3363 quandoquidem
558 3309 646 3362 neque
674 3309 732 3343 cum
760 3289 918 3361 praegressis
947 3289 1002 3341 ltaec
1031 3299 1103 3342 arcte
1120 3289 1215 3359 juncte

119 3393 182 3429 esse
200 3375 331 3440 videntur,
351 3393 436 3448 neque
456 3395 513 3429 cum
534 3378 735 3449 sequentibus.”
771 3374 867 3445 Neque
880 3392 944 3428 vero
959 3389 1002 3428 cst
1019 3377 1044 3428 in
1063 3376 1113 3428 hac
1132 3393 1215 3429 enun-

119 3461 247 3525 ciatione,
278 3463 351 3533 quod
370 3463 522 3533 supplendo
551 3463 650 3518 addere
670 3481 739 3534 opus
758 3463 807 3524 sit,
835 3470 862 3514 et
889 3463 975 3516 niuniu
1003 3464 1072 3516 bene
1097 3463 1164 3514 inter
1183 3462 1214 3514 se

117 3547 259 3601 cohaerent
304 3547 346 3600 Ex
373 3550 506 3602 contrario
534 3550 603 3603 inter
630 3567 660 3603 se
687 3548 855 3618 respondent
881 3546 928 3614 οὐχ
955 3545 992 3600 ὥς
1016 3543 1153 3599 πιστεύων
1177 3543 1218 3610 τῷ

117 3629 260 3703 πράγματι
278 3644 305 3685 et
324 3629 360 3688 ὥς
376 3639 422 3685 καὶ
434 3632 568 3688 τοῖςτὸτι
586 3630 728 3688 δικασταῖς
745 3630 914 3698 ἀπιστήσων.
948 3631 1011 3683 Non
1031 3638 1118 3682 autem
1135 3625 1215 3681 τότε

120 3717 262 3770 defuturo
282 3731 403 3788 tempore
422 3719 605 3788 accipiendum
625 3728 674 3771 est.
711 3717 772 3769 Hoc
790 3715 845 3769 fere
865 3717 929 3769 dicit
943 3716 1072 3767 orationis
1086 3714 1216 3781 scriptor:

120 3820 174 3855 non
193 3804 229 3854 ite
248 3804 345 3855 crimen
365 3803 425 3855 mihi
444 3803 594 3866 intendisti,
613 3812 642 3855 ut
660 3818 738 3854 unam
758 3799 893 3871 quandam
916 3808 1069 3870 certamque
1092 3798 1216 3849 institue-

119 3905 163 3941 res
184 3889 316 3941 actionem
335 3886 550 3957 ostenderesque
569 3897 595 3940 te
615 3896 661 3940 tua
678 3887 766 3957 ipsum
785 3902 867 3938 causa
886 3885 1033 3948 confidere,
1061 3882 1111 3936 sed
1138 3881 1215 3935 dubi·

119 3975 248 4026 tationem
266 3982 294 4026 et
311 3981 469 4044 praetextum
489 3973 535 4024 tibi
554 3972 698 4025 reservasti
718 3970 915 4042 ostendistique
934 3981 960 4025 tc
979 3972 1021 4024 vel
1039 3970 1085 4031 iis,
1103 3984 1217 4039 quorum

120 4068 177 4112 tum
195 4067 253 4110 erat
271 4075 326 4110 rem
345 4057 501 4121 decernere,
516 4057 653 4127 judicibus
673 4055 794 4110 diffidere
811 4056 894 4119 (velut
912 4057 952 4109 vel
972 4057 1003 4109 iis
1023 4085 1036 4096 ·
1054 4085 1066 4096 -
1084 4085 1096 4096 ·
1116 4083 1127 4094 -
1147 4051 1217 4105 dilli-

121 4146 222 4210 suros).
260 4141 330 4197 Τότε
350 4143 383 4198 de
402 4161 434 4197 ee
451 4144 498 4197 lite
517 4143 621 4208 dicitur,
639 4150 766 4214 quietum
785 4143 810 4197 in
829 4159 862 4196 eo
882 4153 954 4205 erat,
972 4152 1002 4195 ut
1020 4138 1219 4210 dijudicaretur,

116 4245 172 4281 non
190 4227 226 4281 de
244 4245 288 4292 ea,
307 4246 364 4300 qun
383 4230 526 4300 aliquando
547 4231 598 4285 sub
613 4230 706 4301 judice
724 4237 782 4282 erat
801 4232 896 4287 future
