2940 5026
231 366 278 431 82

257 535 337 600 Haee
370 555 449 620 pars
483 533 642 599 orationis
676 531 708 618 (ᾗ
731 534 870 614 35-40)
893 533 1148 623 προκαταλήψει
1170 534 1287 599 similis

255 647 307 700 est
342 636 385 712 ei,
419 657 516 721 qnam
539 635 758 700 Anaximenes
782 637 895 702 tribuit
917 637 1099 701 concionaii
1122 637 1233 721 generi
1255 659 1289 722 p.

254 737 327 812 222,
354 739 392 802 14
415 759 489 822 sqq.

232 838 431 920 ἐπίλογος.
455 839 475 924 §
498 839 636 904 41-42.

190 942 212 1005 l.
257 937 449 1027 ἀνάμνησις.
472 947 488 1020 §
511 942 561 1006 41.

190 1043 229 1107 li.
253 1030 290 1106 eri
312 1043 507 1107 διαθέσθαι.
531 1041 551 1126 §
574 1042 625 1107 42.

274 1144 405 1216 Restat,
428 1155 465 1207 ut
488 1143 529 1206 ad
554 1165 638 1218 eam,
663 1164 759 1227 quam
783 1143 909 1208 tertiam
932 1142 1027 1207 nobis
1040 1143 1287 1228 proposuimus,

189 1245 231 1310 de
255 1267 318 1330 qua
343 1244 603 1328 disputaremus,
632 1246 914 1311 commentationis
936 1255 1059 1309 nostras
1082 1257 1208 1328 partem
1231 1268 1287 1309 ve·

188 1347 330 1420 siamus,
353 1346 660 1421 transitionem,
682 1346 715 1409 in
739 1369 804 1432 qua
826 1369 893 1411 non
909 1367 1011 1431 parva
1022 1348 1164 1410 cernitur
1176 1369 1285 1411 rerum

188 1446 468 1532 disponendarum
502 1448 560 1511 vis.
607 1447 680 1527 Qua
715 1448 757 1513 de
789 1471 825 1513 re
857 1448 1049 1512 Cornificius
1073 1447 1116 1512 ad
1139 1448 1283 1513 Heroon.

186 1549 243 1624 IV,
277 1549 327 1624 26,
360 1549 417 1624 35,
478 1549 694 1613 ”transitio
717 1550 887 1633 -inquit
911 1589 950 1600 -
974 1559 1165 1625 vocatur,
1198 1570 1284 1634 qnae

187 1671 305 1734 quum
328 1650 517 1715 ostendit
539 1652 739 1724 breviter,
761 1651 859 1735 quid
882 1650 1034 1714 dictum
1051 1651 1284 1734 sit‚propo·

187 1753 245 1816 nit
268 1753 362 1816 item
385 1753 514 1826 brevi,
538 1751 635 1836 quid
658 1752 885 1837 sequatur”.
929 1750 1011 1814 Rem
1032 1752 1139 1835 ipsam
1161 1751 1285 1815 Anaxi·

186 1874 311 1927 menes,
334 1862 372 1916 ut
392 1854 493 1929 solet,
515 1863 695 1939 pertractat
718 1864 750 1918 et
772 1853 1287 1940 explanatmominenonappel·

185 1953 246 2028 lat,
280 1965 317 2018 nt
350 1976 381 2040 p.
415 1953 487 2025 221.
521 1956 562 2020 24
596 1977 668 2041 sqq.
691 1954 750 2020 ἐὰν
771 1955 831 2036 μὲν
852 1954 980 2040 μακρὸν
1002 1944 1022 2042 ᾗ
1045 1954 1083 2020 τὸ
1104 1959 1204 2042 μέρος
1226 1953 1282 2019 καὶ

185 2054 385 2139 βουλοίμεθα
405 2056 1282 2144 μνημονεύεσθαι,ονντόμαςπαλιλλογησομεν·

184 2156 242 2221 ἐὰν
268 2155 304 2221 δὲ
324 2161 458 2244 μέτριον
479 2148 500 2245 ᾖ
523 2157 578 2222 καὶ
599 2158 854 2247 μνημονεύηται,
876 2155 972 2224 αὐτὸ
995 2158 1038 2222 τὸ
1060 2163 1181 2244 μέρος
1204 2155 1283 2245 ὄρι-

184 2258 351 2339 σάμενοι
384 2258 486 2323 πάλιν
523 2259 635 2344 ἕτερον
670 2260 990 2346 προθησόμεθα,
1013 2282 1044 2345 p.
1067 2259 1140 2336 222,
1167 2261 1181 2323 l
1207 2281 1283 2344 sqq.

183 2358 243 2423 ἐπὶ
274 2361 315 2446 τῇ
347 2360 481 2447 τελευτῇ
506 2361 565 2424 τοῦ
586 2363 705 2445 μέρους
727 2354 749 2448 ἢ
770 2361 1038 2442 παλιλλογίαν
1059 2354 1082 2448 η’
1104 2358 1280 2447 ὁρισμὸν

183 2459 317 2534 ἐπιθεὶς
338 2460 440 2526 πάλιν
462 2461 575 2548 ἕτερον
597 2455 618 2526 ὅ
637 2484 670 2524 τι
692 2454 732 2524 ἄν
753 2458 1104 2550 ὑπάρχηπρατίθει.
1125 2459 1280 2549 [diripen-

182 2563 235 2645 pqi
277 2564 296 2626 i.
331 2584 358 2626 e.
404 2563 606 2628 conclusioni
643 2565 760 2647 <partis
794 2565 946 2648 alicujus)
979 2587 1097 2628 nomen
1145 2585 1279 2649 qnoque

183 2663 402 2728 Anaximenes
429 2664 547 2726 indidit
568 2668 706 2749 πέρας,
727 2673 764 2727 ut
785 2686 817 2749 p.
841 2664 913 2737 222,
941 2665 975 2728 ll
1000 2663 1060 2751 τὴν
1082 2663 1281 2752 προτροπὴν

182 2767 329 2849 πέρατι
363 2757 509 2850 ὅρισαι.
554 2763 604 2828 De
639 2764 832 2828 transitione
866 2763 945 2828 dicit
978 2787 1008 2849 p.
1043 2765 1115 2840 227,
1139 2765 1180 2830 23
1204 2787 1278 2851 sqq.

181 2859 205 2953 ἢ
226 2864 598 2953 παλιλλογήσαντες
619 2865 788 2947 συντόμως
808 2863 848 2929 τὰ
870 2870 1093 2953 προειρημένα
1115 2860 1138 2955 ἢ
1160 2871 1278 2954 πέρα-

181 2989 219 3031 τι
241 2965 284 3030 τὸ
306 2971 425 3053 μέρος
446 2966 680 3032 τελευταῖον
701 2965 958 3054 ὁρισάμενοι,
979 2967 1081 3032 πάλιν
1103 2963 1277 3056 οἳδιεπρά-

267 3166 382 3232 Altera
405 3169 554 3254 quaedam
579 3170 728 3234 transitio
752 3171 793 3233 ab
818 3171 1016 3235 Anaximene
1033 3170 1235 3256 significatur
1246 3193 1278 3256 p.

182 3269 254 3342 223,
277 3270 318 3333 30
342 3290 415 3354 sqq.
437 3271 519 3349 μετὰ
541 3269 638 3335 δὲτὰ
660 3272 823 3356 προοίμια
842 3270 984 3352 μάλιστα
1004 3270 1067 3353 μὲν
1080 3270 1201 3336 ἕκαστα
1214 3273 1282 3337 τῶν

180 3373 430 3456 προειρημένων
462 3367 541 3435 καθ’
562 3371 598 3435 ἓν
620 3370 758 3435 ἕκαστον
779 3375 1023 3456 προτιθέμενον
1045 3371 1278 3439 ἐπιδεικνύειν.

182 3469 263 3534 Haee
286 3469 435 3535 transitio
458 3481 524 3547 est,
548 3493 647 3557 quum
670 3471 740 3534 sine
762 3471 831 3535 ulla
851 3474 1121 3558 recapitulatione
1133 3475 1187 3539 vel
1199 3496 1277 3540 oon·

182 3572 330 3635 elusione
353 3574 510 3638 transitus
535 3574 608 3638 sola
631 3573 859 3660 propositione
882 3572 1029 3638 efficitur.

268 3672 348 3755 Haee
370 3674 598 3739 transitionum
621 3697 740 3760 genera
763 3676 830 3740 duo
854 3673 978 3758 dupliei
999 3674 1033 3738 in
1048 3675 1174 3740 ratione
1189 3687 1278 3741 sunt.

180 3773 249 3838 Aut
281 3794 320 3836 ea
353 3775 435 3838 enim
468 3779 700 3860 praemuniunt‚
733 3778 854 3862 quibus
876 3777 960 3840 inter
983 3776 1140 3841 orationis
1163 3788 1277 3860 partes

180 3873 338 3938 transitur
360 3877 517 3961 majores,
541 3899 615 3962 quae
631 3887 709 3942 sunt
722 3881 914 3966 προοίμιον,
929 3872 1111 3958 ἀπαγγελία
1116 3906 1127 3957 ,
1141 3879 1278 3962 βεβαίο-

180 3990 245 4054 σις,
268 3975 537 4064 προκατάληψις,
560 3977 729 4059 ἐπίλογος,
752 3988 808 4043 aut
842 4000 893 4052 ea,
923 3979 1042 4065 quibus
1064 3980 1149 4043 inter
1171 3979 1274 4042 mino-

180 4098 249 4153 res,
283 4099 358 4164 qoae
394 4089 473 4143 sunt
494 4079 525 4142 in
549 4081 718 4164 prooemio
739 4077 920 4165 πρόθεσις,
942 4078 1001 4159 ἐπὶ
1022 4078 1059 4144 τὸ
1082 4074 1277 4166 προσέχειν,

181 4189 262 4252 cet,
285 4180 317 4242 in
339 4177 512 4264 βεβαιώσει
534 4180 672 4264 singulm
694 4180 838 4259 πίστεις,
861 4189 921 4244 oet.
