2940 5026
249 546 281 633 b)
304 545 466 610 adversus
490 545 515 629 ³)
539 547 579 633 b).
603 544 623 630 ᾗ
645 543 727 608 45²⁸
743 581 784 593 -
801 547 965 631 (σημεῖον)
986 581 1018 592 -

252 651 279 732 c)
302 648 465 712 adversus
488 647 513 728 ¹)
538 648 576 733 o).
599 646 619 730 θ
642 643 819 709 titi—48²⁰.

230 749 265 812 Ο.
288 749 321 812 ἐκ
342 757 413 812 τοῖν
434 747 546 828 λόγοιν
568 756 639 811 τοῖν
660 741 793 831 ἀνδροῖν
814 750 981 832 ἑκατέροιν
1003 753 1074 810 τοῖν
1089 749 1307 830 βασανισθέν-

273 872 341 914 τοιν
362 849 400 912 τὸ
422 850 552 912 δίκαιον
574 846 688 912 καὶτὸ
711 845 810 920 εἰκός,

254 950 289 1036 a)
312 951 472 1036 Ingenuus
508 973 606 1013 servo
630 950 759 1034 dignior
782 958 847 1026 est,
870 951 921 1015 cui
946 949 1028 1013 fides
1054 948 1262 1012 lrabeaturffl’.
1282 948 1305 1034 ’ᾗ

276 1053 409 1116 cte-to.

248 1154 282 1239 o)
304 1154 486 1217 testimonia
521 1154 651 1237 utrique
684 1162 718 1216 et
751 1153 936 1216 accusatori
965 1163 998 1217 et
1031 1175 1088 1217 reo
1122 1153 1246 1237 pariter
1269 1174 1303 1216 a·

270 1255 517 1340 stipulantur³¹.
541 1254 559 1339 5
584 1257 633 1318 nt.

274 1423 308 1476 28
342 1424 361 1488 S
379 1424 413 1476 45
431 1422 449 1475 ά
467 1421 530 1477 οὐδὲ
548 1420 613 1492 μεθ’
628 1419 736 1495 ἦμίραν
752 1442 794 1478 τιι
807 1419 867 1478 οίόι
877 1421 899 1475 τ’
911 1421 1027 1493 ἐγένετο.
1048 1422 1189 1476 Debreens
1204 1420 1299 1493 ἐγίνετ’

202 1505 246 1562 άν.
280 1510 370 1562 Baiter
387 1505 552 1579 ἦμέρανάν.
580 1509 823 1580 Snpervneenenrn.
860 1508 937 1574 (tn
956 1508 997 1561 54.
1016 1509 1058 1560 92.
1077 1507 1123 1571 vt,
1143 1509 1301 1582 3n.1<rueg.

203 1593 249 1647 Gr.
266 1595 314 1648 Gr.
334 1596 357 1657 i,
377 1597 419 1657 54,
439 1595 480 1656 14,
499 1596 523 1647 3.

273 1680 307 1730 29
343 1679 357 1748 ξ
376 1678 410 1730 46
428 1681 477 1730 τὸν
496 1682 617 1747 μηνυτὴν
634 1677 797 1731 άτιίκτειναν
820 1683 866 1730 καί
894 1675 1113 1730 διετείνοντο
1136 1677 1238 1731 αὐτὸν
1253 1681 1296 1747 μή

202 1757 338 1816 εἰσελθεῖν
356 1758 395 1818 εἰι
413 1759 482 1830 ὃμάι
499 1793 509 1805 ·
526 1792 539 1806 -
556 1765 712 1835 Harpocrnt.
724 1783 745 1818 s.
759 1784 782 1819 r.
797 1761 983 1816 διετείνοντο·
1002 1760 1080 1814 ”tim
1097 1762 1147 1815 τοῦ
1166 1760 1225 1815 διά
1242 1782 1300 1816 σνν-

200 1845 282 1899 τάνοο
301 1844 422 1916 σπουδῆς
440 1847 662 1919 άπηρνήναιτο.”
698 1852 829 1920 Apertum
847 1861 903 1911 est,
921 1849 989 1901 lianc
1007 1850 1253 1919 interpretationem
1272 1850 1298 1903 in

200 1933 271 1986 hunc
289 1933 378 1986 locuni
397 1953 451 1987 non
469 1953 625 2005 congruere.
667 1935 799 2003 conjiciat
821 1935 916 2004 aliquis
935 1934 1054 1986 fortasse
1073 1953 1121 2005 pro
1140 1930 1297 2006 άπηρνὴ-

199 2035 301 2068 σαντα
321 2019 400 2071 scribi
420 2030 547 2089 oportere
563 2017 755 2092 άπῄραντο.
793 2021 883 2090 Atque
902 2021 943 2071 irie
970 2020 1029 2088 ipse
1056 2020 1198 2071 verborum
1227 2018 1295 2072 ordo

196 2096 364 2155 διετείνοντο
384 2101 466 2156 αὐτὸν
485 2107 523 2171 μὴ
544 2098 678 2158 εἰσελθεῖν
705 2104 814 2167 suadet,
841 2115 871 2157 nt
901 2101 984 2156 αὐτὸν
1010 2122 1058 2174 pro
1087 2103 1195 2173 objecto
1223 2104 1296 2156 verbi

195 2179 363 2238 διετείνοντο
382 2187 489 2241 hebens.
528 2189 667 2242 Sententia
685 2191 741 2243 haec
761 2191 816 2242 fere
836 2205 891 2242 est:
917 2189 1029 2241 indicem
1057 2201 1187 2242 necarunt
1215 2199 1242 2241 et
1265 2191 1295 2243 in

195 2286 234 2322 eo
263 2272 347 2325 enisi
375 2283 465 2336 sunt,
494 2285 522 2327 nt
539 2292 573 2327 ne
593 2275 626 2328 nd
645 2294 695 2329 voe
714 2277 823 2340 reniret,
843 2278 858 2329 i.
876 2293 898 2328 e.
917 2292 1031 2345 eumque
1050 2275 1242 2346 prohibuerunt
1260 2277 1294 2328 nd

195 2373 246 2408 vos
266 2375 364 2409 venire.

267 2443 301 2492 30
337 2442 404 2510 §49
423 2439 438 2494 ὁ
456 2443 576 2515 μὲνγὰρ
604 2440 701 2500 δοῦλοι
731 2442 779 2498 δίο
807 2443 877 2516 λόγω
904 2441 993 2514 ἔλεγε·
1023 2445 1086 2496 τοτὲ
1114 2443 1166 2513 μὲν
1186 2443 1240 2515 ἔφη
1257 2463 1293 2513 με

194 2519 343 2596 εἰργάσθαι
360 2529 392 2578 τά
412 2527 501 2597 ἔργον,
519 2529 582 2582 τοτὲ
600 2526 631 2583 δὲ
649 2528 697 2582 οἰκ
715 2530 780 2599 ἔφη.
817 2531 913 2590 Recte,
938 2540 965 2581 ut
986 2530 1089 2600 opinor,
1110 2531 1199 2584 netsk.
1227 2540 1293 2602 post

192 2609 256 2661 τοτὲ
273 2612 325 2677 μέν
344 2614 478 2667 excidisse
506 2625 582 2686 putat
609 2616 765 2686 particulam
783 2613 855 2686 γάρ.
894 2613 966 2666 Ideni
995 2616 1133 2668 observari
1164 2625 1292 2686 oportere

193 2695 257 2747 vidit
275 2695 436 2768 Maetzner§
459 2701 491 2752 tn
508 2703 598 2772 γέρων
614 2701 666 2769 μὲν
686 2697 747 2772 γάρ
767 2731 779 2743 -
794 2729 820 2762 ·‚
841 2711 952 2770 uterque
981 2702 1020 2752 nir
1042 2700 1141 2755 doctus
1160 2699 1222 2773 γάρ
1243 2703 1290 2755 de·

193 2780 295 2833 siderat
312 2781 360 2845 IV,
377 2789 406 2854 β,
428 2787 455 2846 7;
482 2780 510 2846 ὃ,
529 2785 552 2837 6.
581 2786 613 2848 11,
632 2805 656 2856 y,
677 2788 700 2841 6.
718 2786 762 2837 ubi
788 2787 820 2837 cf.
839 2803 883 2850 en,
907 2804 966 2856 (μιν)
994 2788 1019 2838 in
1040 2801 1129 2842 nnnot.
1148 2791 1204 2844 orit
1224 2789 1290 2842 dixit

191 2866 324 2919 Maetzner.
362 2868 441 2922 Solet
457 2872 527 2922 enim
548 2872 684 2941 Antiphon
708 2879 773 2941 post
793 2871 959 2941 propositam
988 2872 1101 2942 aliquem
1129 2875 1289 2926 sententiam

190 2970 298 3005 certunm
318 2969 389 3023 saepe
407 2954 482 3022 ejus,
501 2955 574 3026 quod
592 2956 748 3026 proposuit,
767 2971 816 3025 per
832 2952 884 3024 γάρ
904 2956 1058 3024 particulam
1078 2957 1179 3009 efferre.
1208 2957 1289 3021 Quod

189 3038 275 3090 ubivis
303 3039 374 3106 npnd
402 3041 510 3111 Antiph.
533 3027 661 3112 exernpiio
680 3040 788 3110 probari
808 3046 909 3109 potest.
946 3038 990 3091 Or.
1011 3039 1021 3091 1
1040 3041 1054 3109 §
1075 3042 1088 3092 l
1109 3051 1173 3112 post
1192 3038 1289 3097 δεινῶν

189 3118 221 3174 δὲ
240 3127 286 3174 καῖ
304 3120 419 3194 άπόρνιι
440 3127 496 3192 ἔχει
510 3130 639 3197 μοιπερλ
657 3123 706 3177 τοῦ
724 3121 887 3196 πράγματος
909 3125 934 3176 in
953 3125 967 3194 ᾖ
987 3125 1004 3176 2
1021 3121 1037 3192 ἡ
1057 3127 1119 3196 γάρ
1137 3123 1286 3193 τάχηκτλ.,

190 3209 205 3261 l.
224 3210 240 3263 l.
260 3218 324 3279 post
342 3208 388 3260 νῦν
408 3206 438 3262 δὲ
456 3208 562 3263 τοῦτων
579 3207 711 3262 τάναντία
727 3211 869 3279 γεγένηται
888 3211 1008 3280 seqnitur
1026 3208 1105 3263 αἰτοῖ
1128 3212 1190 3282 γάρ
1211 3203 1288 3262 οὗτοι

186 3290 261 3354 κτλ,
280 3293 295 3362 §
314 3293 330 3345 3
351 3306 413 3364 post
440 3300 487 3346 καὶ
514 3292 573 3362 ἅμα
600 3292 664 3362 ε’μολ
687 3291 763 3362 μόνῳ
792 3291 994 3362 άπολελειμίνῳ
1020 3295 1165 3364 βοηθῆσαι
1191 3297 1217 3349 in
1237 3294 1287 3364 §4

186 3372 264 3444 ὖμεῖε
280 3380 342 3447 γάρ
361 3375 434 3440 κτλ,
455 3390 506 3432 cet.

256 3460 286 3514 31
326 3462 341 3531 ᾗ
361 3466 389 3515 51
413 3462 509 3515 ἐττειτα
529 3459 624 3516 δὲκαὶ
643 3462 852 3537 ἰκτιῖνλόγοιν
875 3465 932 3518 τοῖν
956 3465 1006 3518 τοῦ
1029 3463 1182 3536 άνθροίπον
1203 3471 1285 3536 μερλι

184 3545 306 3619 ἑκατέρῳ
333 3548 380 3616 ἴση
411 3547 484 3610 ioci,
506 3547 616 3604 τοάτοιν
641 3548 693 3616 μὲν
712 3552 745 3601 τά
770 3548 894 3619 φάσκειν,
918 3548 981 3618 ἰμοί
1001 3547 1031 3602 δί
1049 3553 1081 3602 τά
1100 3553 1137 3617 μή
1159 3549 1283 3619 φάσκειν,

184 3631 213 3683 ἔκ
230 3651 260 3685 τε
279 3631 386 3701 ἀμφοῖν
402 3635 464 3686 τοῖν
482 3631 597 3704 ἀνδροῖν
613 3635 675 3686 τοῖν
690 3636 935 3703 βασανισθέντων·
966 3631 981 3686 ὃ
998 3634 1118 3703 μὲνγὰρ
1137 3634 1248 3702 ἔφησεν,
1268 3630 1284 3686 ὅ

183 3712 214 3768 δὲ
241 3713 288 3768 διά
306 3714 399 3771 τέλοσι
416 3715 531 3789 ἔξαρνοι
548 3710 591 3784 η’ν.
628 3719 742 3780 Vereor,
761 3728 790 3770 nt
809 3720 861 3770 hoo
880 3718 961 3770 modo
976 3719 1069 3770 dixerit
1084 3731 1182 3770 orator.
1210 3718 1283 3771 Seri·

183 3801 300 3854 bendum
320 3801 435 3854 ridetur:
456 3832 467 3842 -
486 3832 497 3842 ·
518 3801 638 3872 ε’κατίρῳ
657 3802 702 3870 ἴση
721 3803 793 3854 ἐστί·
813 3800 921 3856 τοάτοιι
942 3801 994 3870 μὲν
1014 3803 1075 3872 γάρ
1099 3805 1131 3854 τά
1157 3799 1280 3871 φάσκειν,

182 3884 246 3954 ε’μοῖ
269 3882 301 3939 δι’
317 3889 349 3938 τὸ
368 3889 407 3954 μὴ
429 3883 558 3955 φάσκειν·
578 3885 608 3937 ε”κ
625 3905 655 3937 τε
673 3885 728 3939 κτλ.
767 3888 889 3941 i'eternnt
915 3886 947 3938 cf.
971 3887 1003 3938 ad
1025 3902 1115 3941 annot.
1134 3907 1208 3958 prox.
1227 3888 1282 3952 (30)

182 3985 209 4024 et
229 3972 262 4026 nd
283 3971 362 4041 11,β,
383 3975 406 4033 ί,
426 3981 517 4025 annot.
536 3971 577 4023 90.
614 3970 700 4024 Nemo
720 3973 797 4028 focile
817 3973 932 4028 endeeiae
950 3975 1113 4026 assentietur
1140 3974 1280 4045 Hirsehigii

182 4056 315 4127 Philoiog.
335 4055 384 4120 IX,
405 4060 456 4109 737
484 4059 538 4111 ineo
565 4057 651 4111 omnia
676 4056 706 4110 ἔκ
722 4078 752 4111 τε
772 4057 880 4130 άμφοῒν
896 4088 908 4102 ·
925 4088 937 4102 ·
953 4088 965 4102 ·
983 4057 1097 4130 ἔξαρνοι
1114 4051 1148 4127 ἢν
1167 4059 1280 4112 delenda

179 4146 325 4196 censentis.
364 4143 429 4198 llind
452 4145 540 4198 dicere
559 4145 678 4199 voluisse
698 4145 801 4199 videtur
820 4146 970 4218 Antiphon,
996 4147 1149 4198 testimonie
1177 4147 1281 4216 ntriqne
