2940 5026
1215 401 1257 464 47

223 567 444 650 Ἐπίλογος.
468 569 487 654 §
510 569 605 633 6-7,
789 564 1010 647 Ἐπίλογος.
1034 568 1054 653 §
1077 570 1192 635 9-11.

180 678 200 737 l.
246 671 441 736 Manifestus
466 680 517 733 est
539 669 649 733 caedis.
684 669 734 732 Eo
746 674 766 733 l.
810 670 914 733 Reum
927 671 1090 734 insontem
1102 671 1300 755 culpaeasse,

246 767 353 821 autem
384 755 529 819 audaciae
557 756 734 839 processit,
811 767 1027 818 monstratum
1051 767 1110 820 est.
1159 757 1301 837 Quodsi

245 852 281 906 ut
317 864 382 905 non
420 843 500 904 satis
524 842 675 904 habuerit
698 862 734 902 se
811 862 852 903 ex
874 841 923 914 iis,
948 863 1022 924 quae
1046 842 1300 917 dictasuut‚vel

246 927 423 991 defendere
452 927 512 989 sed
538 948 598 989 nos
624 927 733 995 etiam,
811 927 954 989 damnari
972 928 1024 989 vel
1036 927 1166 991 liberari
1183 929 1299 1012 possit,

249 1014 384 1076 sceleris
409 1013 576 1084 vindices,
599 1011 732 1073 iusimu-
811 1013 863 1074 vel
888 1012 935 1074 sic
960 1012 1088 1075 liberari
1105 1035 1179 1076 eum
1195 1015 1298 1077 tutius

245 1099 321 1162 lare.
346 1097 364 1181 ᾖ
389 1097 416 1160 6.
441 1097 731 1168 santabareno.
809 1098 920 1170 vobis,
939 1097 1087 1181 judices,
1112 1100 1180 1162 erit.
1212 1097 1299 1178 Qua·

181 1189 213 1247 ll.
242 1185 442 1269 προαίρεσις.
467 1183 531 1268 §Z
809 1204 845 1245 re
870 1203 970 1266 quum
993 1182 1189 1247 homicidam
1208 1186 1300 1268 puni·

443 1270 446 1276 '
808 1289 843 1330 re
877 1270 1049 1350 quaeratis,
1074 1291 1114 1332 ne
1136 1271 1299 1333 insontem

806 1353 1040 1417 condemnetis.
1074 1353 1255 1438 Utriusque
1267 1366 1300 1417 et

807 1439 923 1501 mortui
949 1449 981 1502 et
1004 1440 1069 1502 vivi
1091 1460 1204 1503 manes
1222 1462 1300 1524 poe·

805 1544 877 1586 nam
902 1533 1065 1608 expetent.
1089 1524 1238 1609 §9-10.
1262 1514 1299 1590 οὗ

805 1608 983 1672 διαθεῖναι.

739 1699 771 1757 ll.
800 1695 1002 1779 προαίρεσις.
1026 1700 1042 1772 §
1069 1696 1116 1759 tl.

263 1850 319 1915 De
344 1849 534 1913 oratione
563 1848 617 1922 V.,
641 1869 728 1932 quae
752 1855 816 1910 est
839 1845 887 1912 de
910 1847 1019 1911 oaede
1042 1848 1233 1914 Herodis.

284 1951 493 2038 Mytilenaeus
529 1949 662 2032 quidam
691 1948 839 2032 juvenis,
869 1950 921 2012 cui
944 1971 1060 2013 nomen
1085 1951 1170 2014 Helo
1193 1951 1298 2017 fuisse

198 2052 299 2117 tradit
321 2054 358 2127 is,
382 2052 438 2135 qui
460 2052 558 2138 hujus
583 2050 740 2114 orationis
763 2046 933 2115 ὑπόθεσιν
955 2052 1103 2136 scripsit,
1119 2053 1298 2134 aliquando

199 2176 271 2219 oum
308 2155 456 2229 Herode,
485 2153 676 2240 Mytilenaeo
700 2155 787 2227 cive,
810 2174 925 2216 navem
949 2153 1141 2217 conscendit
1171 2158 1298 2220 Aenum

197 2255 372 2320 Thraciam
406 2258 536 2330 urbem,
570 2255 626 2318 ubi
654 2255 825 2319 habitabat
847 2265 940 2338 pater
963 2255 1052 2330 Heli,
1076 2253 1297 2339 profecturus.

197 2355 412 2441 Tempestate
435 2367 551 2420 coorta
574 2379 705 2431 navem,
735 2378 800 2440 qua
824 2355 1036 2432 vehebantur,
1060 2356 1103 2420 ad
1126 2357 1203 2421 litus
1227 2359 1298 2423 Me-

196 2459 399 2544 thymnaeum
422 2458 635 2542 appulerunt,
658 2468 695 2519 ut
718 2457 812 2519 aliam
836 2479 952 2520 navem
975 2459 1206 2524 conducerent.
1231 2461 1295 2527 Ubi

197 2559 274 2624 dum
298 2570 474 2634 morantur,
498 2579 598 2641 quum
620 2566 699 2642 post
721 2558 997 2642 compotationem
1022 2561 1164 2624 virorum
1191 2562 1295 2626 Hero·

198 2660 257 2725 des
281 2669 381 2724 noctu
406 2683 422 2722 e
446 2681 528 2723 nave
553 2660 702 2732 exiisset,
725 2681 792 2722 uon
810 2646 920 2724 rediit.
960 2660 1065 2741 Quam
1082 2664 1296 2749 obrempro-

196 2762 310 2848 pinqui
334 2762 479 2825 Herodis
505 2761 632 2834 Helum,
656 2783 764 2845 aquo
789 2763 933 2824 occisum
955 2763 1295 2850 illumessesuspica-

196 2864 324 2936 bantur,
347 2864 447 2926 caedis
470 2874 675 2926 accusarunt.
710 2863 860 2926 Ceterum
885 2863 927 2926 de
950 2885 1049 2927 causa
1071 2865 1143 2948 ipsa
1157 2867 1196 2929 cf.
1221 2889 1295 2950 quae

197 2963 353 3027 Maetznar
372 2964 519 3048 disputat
541 2985 572 3048 p.
600 2964 658 3026 197
682 2983 756 3048 sqq.
800 2964 836 3027 ln
860 2964 1127 3046 oratione,quam
1140 2968 1224 3032 Helo
1239 2969 1296 3033 de·

196 3063 354 3129 fensionis
377 3087 478 3128 causa
491 3065 660 3149 Antiphon
683 3066 896 3151 conseripsit,
919 3064 972 3128 hae
994 3075 1072 3128 sunt
1093 3080 1214 3153 partes.

241 3168 477 3252 Προοίμιον.
501 3167 518 3249 ξ
545 3166 656 3230 1-19.

199 3268 223 3331 Ι.
266 3267 291 3349 ¹)
325 3269 419 3351 Opus
454 3269 530 3331 mihi
565 3277 616 3330 est
638 3268 670 3330 in
695 3277 784 3331 tanta
808 3267 990 3333 calamitate
1012 3269 1176 3356 tantisque
1200 3272 1294 3336 malis

264 3391 324 3454 par
358 3379 408 3432 tot
430 3370 580 3434 cladibus
611 3378 642 3433 et
666 3369 796 3434 dicendi
819 3368 959 3436 facultas
984 3383 1144 3437 atrorum
1167 3375 1292 3459 peritia.

263 3471 280 3553 ἕ
307 3473 386 3534 1-3
408 3472 476 3534 init.

240 3572 267 3650 ²)
290 3573 323 3657 a)
358 3571 429 3656 Ego
465 3594 543 3636 vero
578 3594 642 3636 non
665 3574 714 3648 id,
742 3574 832 3657 quod
856 3575 910 3637 alii
934 3573 1103 3657 deprecari
1127 3573 1292 3646 solent‚a

196 3674 292 3736 vobis
316 3690 409 3754 peto,
433 3673 494 3735 sed
516 3683 553 3735 ut
575 3673 653 3735 mihi
676 3676 742 3737 oris
768 3675 880 3738 vitium
904 3695 1112 3757 erroremque
1130 3674 1291 3736 sermonis

197 3770 393 3835 condonetis
406 3773 441 3834 ¹³.
465 3773 513 3855 §3
538 3769 660 3858 ἀνάγκη
684 3762 743 3837 οὖν
758 3813 797 3823 -
815 3775 843 3838 5.

269 3942 299 3990 13
337 3938 350 4006 §
372 3942 395 3991 5.
414 3935 481 3992 τάδε
505 3936 535 3991 δὲ
556 3935 657 4006 δέομαι
674 3940 758 4011 ὑμῶν,
780 3940 937 4013 συγγνώμην
963 3942 1034 4010 ἔχειν
1057 3963 1108 4011 μοι
1133 3941 1215 3995 τοῦτο
1239 3942 1293 4008 μὲν

197 4022 245 4077 ἐάν
261 4044 290 4076 τι
310 4024 344 4098 τῇ
361 4022 467 4098 γλώσσῃ
487 4021 613 4096 ἁμάρτω,
641 4033 687 4078 καὶ
709 4025 841 4098 ἡγεῖσθαι
859 4024 975 4100 ἀπειρίᾳ
990 4026 1056 4081 αὐτὸ
1074 4025 1178 4096 μᾶλλον
1194 4023 1214 4091 ἢ
1231 4023 1292 4079 ἅδι-

196 4111 242 4174 κίᾳ
260 4107 457 4179 ἡμαρτῆσθαι,
484 4109 566 4163 τοῦτο
594 4105 624 4162 δὲ
652 4110 701 4165 ἐὰν
725 4132 753 4165 τι
779 4109 875 4186 ὀρθῶς
901 4113 981 4177 εἴπω,
1009 4110 1129 4181 ἀληθείᾳ
1151 4108 1257 4179 μᾶλλον
1271 4109 1292 4178 ἢ
