2940 5026
320 418 370 484 ..74

283 591 436 655 restitute
468 591 619 674 populari
643 596 808 674 potestate
832 588 978 654 Athenas
1003 590 1170 675 profectus
1194 592 1226 656 iu
1250 594 1382 657 concio·

283 714 358 756 nem
391 692 505 775 populi
540 691 663 777 prodiit
691 692 933 775 impetraturus,
956 693 1047 756 utin
1070 694 1233 756 civitatem
1256 696 1382 778 recipe-

283 801 381 857 retur.
428 792 501 856 Hoc
534 802 681 876 tempore
715 791 799 854 hanc
836 794 1016 856 orationem
1040 793 1155 857 hebuit
1180 794 1380 859 Andocides.

283 893 383 973 Quod
418 914 517 977 quum
551 914 616 955 non
640 902 729 956 esset
751 893 800 966 id,
824 894 914 978 quod
940 895 1086 967 volebat,
1110 908 1324 970 consecutus,
1346 897 1378 960 in

281 997 432 1060 exsilium
457 997 582 1079 ejectus
606 1003 664 1057 est.
710 994 826 1058 Partes
850 997 1009 1058 orationis
1030 997 1082 1059 hee
1105 1006 1190 1060 sunt.

326 1097 561 1181 Προοίμιον.
585 1095 604 1179 §
633 1094 720 1158 1-9.

280 1197 305 1260 1.
348 1197 372 1277 ι1
395 1197 559 1260 Beneficio
580 1195 812 1280 rempublicam
836 1195 993 1260 affecturo
1017 1199 1093 1261 mihi
1117 1199 1144 1261 si
1180 1200 1255 1282 quis
1282 1220 1378 1282 repu-

344 1298 508 1383 gnandum
532 1305 658 1372 censet,
681 1296 813 1381 indigne
836 1298 888 1381 agi
900 1299 941 1360 ab
954 1299 1011 1361 illo
1028 1300 1157 1364 videtur
1169 1300 1205 1366 ⁷².
1223 1299 1243 1384 §
1260 1301 1282 1362 l.
1294 1298 1377 1384 πρό-

344 1401 455 1476 θεσις,
480 1398 521 1461 de
544 1419 609 1481 que
632 1396 671 1461 ci.
697 1399 842 1462 Anaxim.
867 1421 897 1483 p.
921 1398 992 1472 223,
1016 1401 1057 1466 28
1080 1423 1129 1485 sq.

322 1499 350 1578 ²)
374 1500 483 1579 Quum
505 1519 567 1583 ego
584 1509 732 1562 senatum
756 1501 926 1562 certiorem
951 1500 1111 1576 fecissem,
1124 1505 1155 1566 in
1170 1525 1220 1565 me
1233 1523 1307 1565 esse
1321 1503 1380 1563 rei-

344 1603 486 1686 publicae
509 1622 668 1664 summum
690 1600 773 1665 illud
797 1601 928 1686 quidem
953 1603 1013 1666 sed
1036 1604 1182 1668 nondum
1208 1602 1376 1687 divulgen-

344 1704 421 1767 dum
444 1701 652 1767 commodum
677 1701 806 1775 afferre,
829 1701 974 1777 fuerunt,
998 1705 1053 1786 qui
1077 1725 1164 1789 eegre
1175 1706 1305 1779 ferrent,
1318 1706 1378 1767 rei·

345 1806 486 1890 publicee
518 1826 569 1866 me
604 1802 765 1887 prodesse
820 1804 913 1883 Quos
947 1819 1003 1867 aut
1038 1827 1144 1868 rerum
1174 1806 1376 1891 publicarum

343 1906 606 1992 imperitissimos
629 1914 686 1968 ant
708 1904 830 1967 civitati
853 1905 1308 1970 malevolentissimoshaberi
1323 1927 1376 1967 ne·

344 2029 439 2072 cesse
461 2018 521 2070 est.
545 2004 564 2090 b
588 2005 680 2068 2-3.
704 2003 761 2068 ἐπὶ
783 2004 822 2068 τὸ
845 2011 1031 2091 προσέχειν.
1047 2008 1309 2095 προκατάληψις.
1329 2006 1376 2070 Cf.

341 2113 446 2175 Anax.
468 2108 540 2180 218,
567 2107 613 2170 13.
637 2107 708 2180 216,
736 2107 867 2171 17-25.

320 2213 346 2293 ³)
371 2211 434 2290 Qui
458 2208 534 2272 mihi
557 2230 645 2271 nunc
667 2206 880 2281 maledicunt,
893 2231 958 2270 uon
972 2229 1032 2271 sue
1048 2221 1169 2290 sponte
1184 2210 1229 2272 illi
1243 2209 1375 2291 quidem

343 2311 403 2374 sed
438 2311 479 2372 ab
517 2309 588 2370 aliis
617 2308 768 2370 instructi
791 2315 824 2367 et
846 2307 1016 2369 subornati
1040 2307 1073 2370 id
1096 2307 1228 2372 faciunt.
1252 2308 1271 2393 §
1294 2309 1377 2370 tun

342 2413 409 2477 init.
433 2407 480 2472 ef.
505 2407 608 2470 Anax.
632 2405 704 2480 216,
727 2408 756 2471 7.
779 2405 964 2486 motoria.

278 2515 316 2580 ll.
341 2509 567 2596 Imprudenter
591 2508 667 2571 mihi
690 2507 821 2594 quidem
845 2503 1023 2592 aliquando
1047 2510 1114 2595 egi,
1136 2511 1196 2574 sed
1213 2512 1308 2574 vobis
1326 2533 1376 2572 sa-

344 2615 488 2679 lubriter.

278 2763 474 2778 ιρι-...ι-

276 2865 348 2909 esse,
366 2845 500 2916 perhibet,
520 2847 653 2898 sententia
670 2846 729 2917 ejus
748 2862 828 2916 quum
848 2843 918 2897 fucta
942 2862 1029 2897 reruni
1058 2845 1249 2916 dispositarum
1273 2847 1373 2898 descri-

280 2935 374 3006 ptione
404 2931 535 2984 refutetur
563 2941 619 2984 tum
650 2933 819 3004 impugnetur
846 2932 879 2983 eb
908 2931 941 2982 A.
967 2929 999 2982 G.
1024 2931 1133 2984 Becker.
1162 2932 1269 2985 Audoli.
1288 2950 1314 3002 p.
1334 2933 1375 2994 36,

276 3029 368 3074 annot.
390 3018 447 3071 1211.

350 3122 381 3172 73
418 3115 561 3188 §Idmon
577 3120 674 3186 μέντοι
702 3115 748 3172 δεῖ
771 3119 823 3183 τὴν
846 3114 927 3168 πόλιν
950 3115 1000 3183 ἐμέ
1026 3136 1053 3169 τι
1069 3117 1187 3184 ποιῆσαι
1214 3117 1330 3189 ἀγαθὸν,
1351 3121 1380 3172 εἴ

273 3225 317 3262 τις
338 3206 440 3276 ἑτέρως
452 3200 581 3272 βούλοιτο
600 3200 667 3270 ἐμοῦ
682 3205 792 3263 κακίων,
814 3198 973 3253 δεινότατον
991 3197 1122 3252 ἁπάντων
1137 3201 1287 3272 χρημάτων
1299 3200 1379 3274 ἡγοῦ-

274 3309 341 3358 μαι,
374 3283 401 3341 εἰ
424 3286 464 3353 τῷ
493 3287 545 3354 μὲν
572 3283 652 3339 δοκεῖ
669 3285 755 3340 ταῦτα
781 3287 820 3352 τῷ
847 3281 878 3336 dd
907 3286 961 3351 μή,
991 3281 1059 3336 ἀλλὰ
1082 3288 1121 3352 μή
1149 3287 1234 3340 πᾶσιν
1260 3284 1374 3356 ὁμοίως.

276 3375 395 3427 Turium:
406 3402 418 3413 -
429 3402 443 3413 ·
460 3369 480 3437 ἢ
496 3372 525 3423 el'
537 3388 579 3424 err
596 3369 717 3436 ἕτεροι
733 3366 862 3439 βούλοιτο
881 3367 949 3435 ἐμοῦ
966 3366 1022 3420 κτλ.
1059 3369 1098 3421 Cl'.
1119 3370 1259 3424 llobreeus
1271 3373 1289 3434 l,
1304 3372 1374 3427 185..

274 3458 416 3528 Emperius
435 3475 460 3526 p.
480 3456 537 3506 ⁴211.
574 3461 611 3506 At
630 3454 716 3507 εἴτις
735 3453 835 3522 ἑτέρως
859 3454 1013 3504 necessario
1039 3456 1186 3524 requiritur.
1229 3456 1298 3508 Nem
1317 3474 1370 3508 nou

270 3545 301 3598 in
318 3544 367 3595 line
386 3540 512 3612 ponende
531 3539 722 3592 deliberatione
741 3546 864 3590 versetur
882 3547 980 3597 orator,
1005 3548 1108 3590 utrum
1136 3540 1195 3609 ipse
1222 3541 1371 3609 reipublice

274 3632 344 3682 bene
365 3628 456 3688 lueiut,
476 3643 513 3678 en
533 3625 617 3676 alter
635 3625 717 3683 mele.
736 3622 785 3676 sed
804 3638 899 3692 quum
918 3623 978 3690 ipse
997 3625 1131 3677 commodi
1151 3624 1249 3695 aliquid
1278 3625 1371 3678 efferre

275 3716 339 3769 uelit
357 3712 522 3783 reipublice,
542 3710 647 3781 siquis
668 3709 768 3762 aliter
787 3720 867 3780 etque
885 3709 945 3779 ipse
965 3721 1038 3778 aget,
1065 3709 1200 3780 iudignum
1220 3727 1283 3762 esse
1303 3709 1371 3762 affir-

274 3808 343 3861 met,
373 3799 396 3851 si
427 3797 571 3849 dirersis
603 3795 637 3848 de
666 3795 717 3849 hnc
747 3812 776 3848 re
805 3796 899 3848 tutnrre
923 3794 975 3847 sint
1004 3794 1200 3849 dccementimu
1225 3797 1372 3849 sententio.

273 3885 389 3939 laxior
405 3890 492 3934 eutem
511 3883 534 3935 si
553 3881 675 3942 obesset,
693 3898 750 3933 uon·
766 3898 891 3934 morerer.
929 3878 1008 3934 Certe
1027 3900 1080 3935 non
1105 3882 1138 3934 eb
1159 3880 1301 3934 Andocide
1324 3899 1371 3932 κα·

274 3971 344 4021 κίων
358 3968 485 4037 scriptum
506 3975 557 4021 est.
593 3967 667 4019 Fert.
686 3966 736 4038 leg.
754 3966 890 4027 nautor,
913 3972 943 4017 ut
961 3965 997 4018 sit
1015 3963 1083 4033 ἐμοῦ
1104 3968 1199 4018 mulce
1223 3967 1300 4019 vocis
1317 3964 1374 4018 ἑτέ-

275 4070 334 4126 ρως
347 4052 460 4105 'uberius
474 4050 637 4124 explicando
649 4068 731 4104 ceusu
751 4051 878 4104 additum.
916 4049 1043 4103 Similiter
1059 4053 1077 4117 ἕ
1097 4051 1128 4102 11
1149 4049 1245 4103 αὐτίκα
1258 4080 1269 4094 ·
1279 4048 1373 4103 -τότε,

273 4139 294 4203 5
316 4144 332 4192 t
352 4135 493 4209 ἑτέροις
512 4133 545 4190 δὲ
561 4129 753 4202 εἰσπέμπουσι,
775 4132 922 4189 τούτους
939 4131 1148 4206 ἀνθρώποις
1162 4131 1235 4197 κτλ,
1257 4134 1288 4186 al.
