2940 5026
402 568 447 646 11,
470 589 498 649 y.
964 567 1010 643 11,
1031 569 1060 635 δ.

217 707 456 794 Προοίμιον.
479 705 497 790 §
523 705 548 770 1.
780 703 1017 789 Προοίμιον.
1041 705 1058 790 §
1085 707 1173 771 1-4.

92 816 157 875 1.δ1.
174 811 195 872 1.
240 808 463 872 Calamitatem
497 829 573 871 reus
609 806 757 893 injuriai.
803 804 960 885 Quamuis
978 816 1009 869 et
1024 805 1213 872 infelicitate
1230 828 1288 892 op·
1306 819 1392 890 ptyl.

240 893 355 957 sceleri
380 915 442 957 suo
465 892 648 977 praetendit.
672 915 727 956 κα·
801 912 939 974 pressus
964 902 997 955 et
1017 892 1219 957 inimicorum
1241 893 1288 956 iu·

239 979 382 1058 κολογία.
406 980 510 1042 Anax.
534 979 654 1052 22119.
802 976 890 1039 vidia
922 977 1030 1041 habeo
1065 989 1187 1053 tamen,
1221 1000 1288 1063 quo

173 1066 206 1128 11.
239 1063 486 1128 Interfectorcm
535 1085 608 1127 eum
651 1085 726 1127 esse
803 1061 1289 1148 confidam‚vestrae‚judices‚

238 1150 429 1213 monstravi.
461 1146 521 1212 ἐπὶ
545 1147 583 1212 τὸ
606 1151 728 1234 προσέ-
803 1149 965 1232 opinionis
989 1150 1164 1213 severitate
1188 1159 1220 1212 et
1242 1149 1289 1211 in·

238 1256 319 1313 χειν.
802 1234 953 1318 tegritate
970 1243 1003 1296 et
1019 1235 1097 1297 meis
1113 1235 1218 1320 ipsius
1235 1254 1289 1297 vn·

174 1323 219 1382 111.
242 1320 378 1383 Frustra
394 1340 468 1381 eum
484 1340 521 1381 se
537 1317 726 1383 defendisse
803 1340 838 1381 rc
861 1317 966 1382 factis.
990 1318 1054 1402 51.
1076 1318 1276 1390 ἐλαττώσεις.

242 1404 424 1469 ostendam.
446 1402 623 1490 πρόθεσις.
738 1406 770 1465 11.
804 1403 935 1468 Novum
952 1425 1031 1467 sane
1047 1405 1098 1468 vel
1115 1409 1227 1489 potius
1242 1406 1290 1467 in·
1307 1419 1356 1475 a5.

802 1486 936 1552 fandum
958 1488 991 1551 in
1014 1489 1147 1553 modum
1165 1489 1207 1554 ab
1223 1489 1288 1553 illis

802 1593 950 1637 accusor.
973 1572 1019 1636 lili
1037 1576 1120 1636 enirn
1137 1585 1290 1648 nontam,

804 1658 878 1741 quis
893 1657 1105 1731 interfecerit.
1123 1668 1289 1742 quaernnt‚

804 1764 910 1826 quam,
923 1744 951 1806 si
960 1764 1009 1806 me
1018 1743 1202 1827 opprimere
1211 1766 1290 1849 pos·

803 1830 884 1902 sint,
918 1837 1053 1892 tentant.
1080 1826 1097 1912 ἕ
1120 1829 1150 1892 2.
1172 1827 1230 1894 ἐπι
1251 1826 1289 1892 τδ

803 1918 989 1999 προσέχειν.
1013 1913 1198 1994 κακολογία.

739 2001 782 2060 ΙΙΙ.
805 1999 915 2062 Meum
949 2021 1014 2062 non
1049 2011 1100 2061 est
1128 2019 1290 2082 quaererc,

805 2083 860 2167 qui
876 2084 965 2146 iilum
982 2081 1217 2156 interfecerint,
1230 2082 1291 2146 sed

804 2180 929 2232 tantum
942 2180 1056 2232 contra
1069 2169 1291 2232 testimonium

804 2255 891 2317 servi
915 2276 976 2338 pro
998 2276 1049 2317 me
1066 2253 1184 2318 dicere.
1206 2252 1290 2316 Illud

803 2351 911 2402 tamen
934 2338 1119 2403 faciendum
1135 2338 1211 2402 mihi
1231 2347 1291 2413 cst,

804 2434 840 2489 ut
863 2434 895 2489 et
917 2426 1081 2489 insontem
1098 2447 1149 2488 me
1165 2446 1240 2488 esse
1256 2446 1291 2487 o·

805 2510 955 2574 utendam
990 2519 1022 2574 ct
1044 2510 1121 2573 illos
1144 2508 1222 2573 mihi
1243 2509 1292 2572 in-

804 2595 916 2659 sidiari
933 2597 1077 2682 probem.
1093 2595 1110 2680 ἓ
1123 2595 1151 2658 3.
1164 2596 1193 2658 4.
1208 2592 1292 2681 πρό·

803 2684 908 2753 δεσις.

180 2800 378 2814 m

194 2843 316 2901 εἰδότα
334 2852 458 2904 mendum
472 2852 555 2903 lutere
569 2848 679 2901 videtur.
716 2848 745 2901 Si
764 2867 814 2918 pro
828 2853 977 2902 EIAOTA
995 2851 1091 2920 legitur
1108 2851 1290 2912 ΔΕΔΙΟΤΑ,

194 2948 267 2986 recte
288 2937 377 2988 omnia
394 2953 425 2989 sc
444 2936 549 2988 hubent.
587 2933 628 2985 Cf.
648 2951 675 2993 α,
695 2932 711 2984 2
730 2929 778 2984 διὰ
795 2935 848 3004 γὰρ
865 2936 898 2985 τό
916 2935 1036 3003 μέγεθος
1053 2932 1102 2986 τοῦ
1120 2928 1244 2984 κινδύνου
1263 2932 1293 2986 ἐκ

193 3015 296 3070 πολλοῦ
325 3021 387 3086 τήν
413 3013 608 3086 ἀσφάλειαν
629 3008 668 3067 σόν
689 3013 896 3085 ἐπιβουλεύουσι
914 3016 1121 3072 σκοποῦντες
1140 3015 1171 3069 οὗ
1191 3015 1291 3089 πρότε·

194 3121 246 3171 ρον
275 3101 462 3175 ἐπιχειροῦσιν
491 3099 511 3168 ἢ
535 3098 647 3167 πόσης
680 3095 835 3170 ὑποψίας
862 3099 1036 3170 φυλακην
1060 3099 1291 3168 ποιήσωνται.

194 3186 296 3240 Eodem
321 3207 378 3251 rec,
402 3208 460 3260 quie
478 3193 507 3257 β,
528 3190 543 3238 5
566 3188 605 3238 sic
629 3187 832 3256 pronunciatur:
850 3182 917 3238 ἀλλά
943 3205 1019 3242 τινας
1038 3184 1204 3256 προςιόντας
1232 3206 1294 3257 φο-

193 3273 285 3341 βηθέ
291 3290 383 3335 ντες,
401 3294 416 3343 γ
435 3274 530 3343 §rtis
550 3272 637 3324 verbis
655 3267 821 3342 πρσςιόντας
837 3273 913 3326 τινας
930 3268 1141 3344 προϊδόντες
1159 3273 1292 3343 significa-

193 3367 243 3408 tur.
284 3360 340 3409 Τόν
357 3354 470 3410 δεδιότα
488 3359 610 3411 universe
638 3356 736 3409 dictum
765 3366 808 3409 est
835 3374 884 3426 pro
909 3354 957 3426 ἐμὲ
975 3360 1024 3409 τόν
1042 3354 1156 3411 δεδιότα
1174 3376 1207 3412 ex
1226 3377 1292 3412 con·

194 3441 335 3495 suetudine
356 3444 542 3514 Antiphontis,
561 3445 604 3513 qui
625 3455 681 3505 aut,
700 3460 780 3514 quum
801 3443 907 3494 definite
925 3443 1089 3514 loquendum
1108 3445 1194 3506 fuerit,
1215 3445 1291 3498 iude-

193 3528 265 3580 finite
285 3527 386 3592 dicere,
405 3541 450 3581 aut
469 3531 501 3581 ab
520 3532 643 3581 universe
662 3539 688 3580 et
707 3528 841 3580 indefinite
865 3528 942 3580 dictis
971 3529 1005 3580 nd
1033 3539 1130 3581 certam
1153 3541 1180 3580 et
1199 3529 1291 3583 defini·

194 3621 249 3666 tam
270 3631 413 3682 personum
433 3616 513 3686 idque
533 3617 557 3666 in
577 3614 670 3667 eadem
691 3614 877 3666 enunciatiouc
900 3631 1051 3666 sermonem
1070 3614 1215 3666 transferre
1235 3615 1291 3669 aliis

195 3716 304 3769 quoque
323 3701 348 3751 iu
369 3700 436 3753 locis
455 3701 594 3768 reperitur,
613 3711 641 3751 ut
659 3701 682 3751 h.
704 3709 770 3753 orat.
789 3698 802 3766 ξ
823 3697 856 3749 13
874 3701 901 3748 εἴ
918 3693 948 3749 δὲ
973 3694 1025 3748 ὑπὸ
1051 3695 1153 3759 ζῶντος
1180 3693 1293 3752 ἀδιακό-

194 3801 259 3850 μην,
285 3779 333 3835 οόκ
360 3781 393 3833 ἀν
418 3782 506 3851 μόνον
523 3780 591 3854 ὑπὲρ
619 3781 737 3849 ἐμαυτοῦ
756 3778 956 3851 ἀπελογούμην,
976 3778 1031 3832 ἀλλ’
1050 3778 1132 3834 αὖτόν
1148 3800 1179 3834 τε
1195 3781 1294 3836 τοῦτον

194 3871 241 3919 καὶ
258 3869 340 3922 τοδς
359 3865 447 3934 τοότῳ
460 3867 512 3935 μὲν
529 3865 749 3935 βοηθοῦντας
765 3863 830 3936 παρ’
843 3863 910 3934 ἐμοῦ
924 3864 954 3921 δὲ
968 3863 1140 3936 ἀφελεῖσθαι
1157 3866 1293 3936 ζητοῦν·

195 3968 256 4006 τας
275 3948 318 4021 ἐφ’
338 3947 380 4006 οἷς
397 3951 625 4022 κατηγορεῖτί
641 3970 705 4019 μου,
725 3948 859 4013 ἀπέδειξα
877 3947 911 4001 ἀν
923 3946 1094 4006 ἀδικοῦντας.
1132 3953 1171 4006 Cf.
1190 3972 1228 4006 or.
1247 3954 1293 4020 lll,

194 4055 219 4105 y,
241 4037 267 4088 lt
290 4033 342 4089 δπδ
365 4037 422 4089 τῶν
448 4032 643 4088 ἀπολυσόντων
670 4038 733 4090 τοὺς
762 4033 898 4091 ἀνοσίους.
936 4038 983 4099 Vl,
1002 4037 1017 4089 9
1035 4033 1116 4090 τόνδε
1138 4039 1187 4091 τόν
1204 4034 1294 4111 ἀνδρα

195 4119 306 4190 :spe
344 4122 410 4191 §17
430 4113 640 4192 οὔτας’-*ἰγώ.

266 4207 301 4260 90
336 4201 424 4262 ἄθλια
440 4205 493 4275 μὲν
511 4196 560 4259 σόν
575 4204 673 4274 πόσην
684 4207 723 4275 μὴ
735 4202 938 4278 ἀπολογεῖσθαι
945 4204 1033 4274 μόνον
1046 4201 1213 4277 βιαζόμενος
1226 4205 1294 4262 ἀλλὰ
