<?xml version="1.0" encoding="UTF-8"?>
<!DOCTYPE html PUBLIC "-//W3C//DTD XHTML 1.0 Transitional//EN"
    "http://www.w3.org/TR/xhtml1/DTD/xhtml1-transitional.dtd">
<html xmlns="http://www.w3.org/1999/xhtml" xml:lang="en" lang="en">
 <head>
  <title>
</title>
<meta http-equiv="Content-Type" content="text/html;charset=utf-8" />
  <meta name='ocr-system' content='tesseract 3.04.00' />
  <meta name='ocr-capabilities' content='ocr_page ocr_carea ocr_par ocr_line ocrx_word'/>
</head>
<body>
  <div class='ocr_page' id='page_1' title='image "./dererumdisposit00lindgoog_0086.png"; bbox 0 0 2940 5026; ppageno 0'>
   <div class='ocr_carea' id='block_1_1' title="bbox 1213 397 1254 460">
    <p class='ocr_par' dir='ltr' id='par_1_1' title="bbox 1213 397 1254 460">
     <span class='ocr_line' id='line_1_1' title="bbox 1213 397 1254 460; baseline 0 0"><span class='ocrx_word' id='word_1_1' title='bbox 1213 397 1254 460; x_wconf 72' lang='lat'><strong>77</strong></span> 
     </span>
    </p>
   </div>
   <div class='ocr_carea' id='block_1_2' title="bbox 236 564 1296 754">
    <p class='ocr_par' dir='ltr' id='par_1_2' title="bbox 236 564 1296 754">
     <span class='ocr_line' id='line_1_2' title="bbox 236 564 1296 650; baseline 0.001 -17"><span class='ocrx_word' id='word_1_2' title='bbox 236 567 263 646; x_wconf 85' lang='lat'><strong>³)</strong></span> <span class='ocrx_word' id='word_1_3' title='bbox 285 565 434 647; x_wconf 85' lang='lat' dir='ltr'><strong>Quorum</strong></span> <span class='ocrx_word' id='word_1_4' title='bbox 468 565 699 630; x_wconf 84' lang='lat' dir='ltr'><strong>beneficiorum</strong></span> <span class='ocrx_word' id='word_1_5' title='bbox 729 564 857 650; x_wconf 89' lang='lat' dir='ltr'><strong>justum</strong></span> <span class='ocrx_word' id='word_1_6' title='bbox 891 573 1036 630; x_wconf 83' lang='lat' dir='ltr'><strong>osteum</strong></span> <span class='ocrx_word' id='word_1_7' title='bbox 1059 587 1122 630; x_wconf 89' lang='lat' dir='ltr'><strong>vos</strong></span> <span class='ocrx_word' id='word_1_8' title='bbox 1144 567 1221 631; x_wconf 89' lang='lat' dir='ltr'><strong>mihi</strong></span> <span class='ocrx_word' id='word_1_9' title='bbox 1244 591 1296 634; x_wconf 89' lang='lat' dir='ltr'><strong>re-</strong></span> 
     </span>
     <span class='ocr_line' id='line_1_3' title="bbox 258 661 1295 754; baseline 0.003 -22"><span class='ocrx_word' id='word_1_10' title='bbox 258 661 345 733; x_wconf 82' lang='lat' dir='ltr'><strong>ferre</strong></span> <span class='ocrx_word' id='word_1_11' title='bbox 382 667 534 752; x_wconf 84' lang='lat' dir='ltr'><strong>gratiam.</strong></span> <span class='ocrx_word' id='word_1_12' title='bbox 572 677 608 730; x_wconf 92' lang='lat' dir='ltr'><strong>ut</strong></span> <span class='ocrx_word' id='word_1_13' title='bbox 636 667 820 741; x_wconf 84' lang='lat' dir='ltr'><strong>decretum,</strong></span> <span class='ocrx_word' id='word_1_14' title='bbox 843 668 935 751; x_wconf 88' lang='lat' dir='ltr'><strong>quod</strong></span> <span class='ocrx_word' id='word_1_15' title='bbox 958 669 1035 732; x_wconf 92' lang='lat' dir='ltr'><strong>olim</strong></span> <span class='ocrx_word' id='word_1_16' title='bbox 1058 669 1215 754; x_wconf 82' lang='lat' dir='ltr'><strong>Menippo</strong></span> <span class='ocrx_word' id='word_1_17' title='bbox 1239 692 1295 736; x_wconf 88' lang='lat' dir='ltr'><strong>au·</strong></span> 
     </span>
    </p>
   </div>
   <div class='ocr_carea' id='block_1_3' title="bbox 193 767 1294 1684">
    <p class='ocr_par' dir='ltr' id='par_1_3' title="bbox 238 767 1294 1055">
     <span class='ocr_line' id='line_1_4' title="bbox 259 767 1294 852; baseline 0.003 -20"><span class='ocrx_word' id='word_1_18' title='bbox 259 779 352 832; x_wconf 85' lang='lat' dir='ltr'><strong>ctore</strong></span> <span class='ocrx_word' id='word_1_19' title='bbox 384 767 519 838; x_wconf 80' lang='lat' dir='ltr'><strong>fecistis,</strong></span> <span class='ocrx_word' id='word_1_20' title='bbox 544 769 585 831; x_wconf 89' lang='lat' dir='ltr'><strong>de</strong></span> <span class='ocrx_word' id='word_1_21' title='bbox 620 789 736 852; x_wconf 86' lang='lat' dir='ltr'><strong>poenae</strong></span> <span class='ocrx_word' id='word_1_22' title='bbox 758 769 958 833; x_wconf 78' lang='lat' dir='ltr'><strong>immunitate</strong></span> <span class='ocrx_word' id='word_1_23' title='bbox 981 769 1059 832; x_wconf 90' lang='lat' dir='ltr'><strong>mihi</strong></span> <span class='ocrx_word' id='word_1_24' title='bbox 1082 768 1160 834; x_wconf 85' lang='lat' dir='ltr'><strong>data</strong></span> <span class='ocrx_word' id='word_1_25' title='bbox 1183 771 1225 834; x_wconf 91' lang='lat' dir='ltr'><strong>da</strong></span> <span class='ocrx_word' id='word_1_26' title='bbox 1246 772 1294 836; x_wconf 88' lang='lat' dir='ltr'><strong>in-</strong></span> 
     </span>
     <span class='ocr_line' id='line_1_5' title="bbox 259 869 1194 956; baseline 0 -21"><span class='ocrx_word' id='word_1_27' title='bbox 259 883 353 956; x_wconf 87' lang='lat' dir='ltr'><strong>tegro</strong></span> <span class='ocrx_word' id='word_1_28' title='bbox 375 879 480 933; x_wconf 86' lang='lat' dir='ltr'><strong>ratum</strong></span> <span class='ocrx_word' id='word_1_29' title='bbox 504 891 578 932; x_wconf 84' lang='lat' dir='ltr'><strong>esse</strong></span> <span class='ocrx_word' id='word_1_30' title='bbox 597 869 751 953; x_wconf 85' lang='lat' dir='ltr'><strong>jubeatis.</strong></span> <span class='ocrx_word' id='word_1_31' title='bbox 776 870 795 955; x_wconf 80' lang='lat'>§</span> <span class='ocrx_word' id='word_1_32' title='bbox 819 871 946 935; x_wconf 78' lang='lat'>22--24</span> <span class='ocrx_word' id='word_1_33' title='bbox 968 871 1035 934; x_wconf 90' lang='lat' dir='ltr'><strong>init.</strong></span> <span class='ocrx_word' id='word_1_34' title='bbox 1056 871 1194 936; x_wconf 81' lang='grc' dir='ltr'><strong>δίκαιον.</strong></span> 
     </span>
     <span class='ocr_line' id='line_1_6' title="bbox 238 970 638 1055; baseline -0.003 -20"><span class='ocrx_word' id='word_1_35' title='bbox 238 971 437 1051; x_wconf 75' lang='grc' dir='ltr'><strong><em>ἐπίλογος.</em></strong></span> <span class='ocrx_word' id='word_1_36' title='bbox 460 970 480 1055; x_wconf 81' lang='lat'>§</span> <span class='ocrx_word' id='word_1_37' title='bbox 503 971 638 1036; x_wconf 78' lang='grc'><strong>21-28.</strong></span> 
     </span>
    </p>

    <p class='ocr_par' dir='ltr' id='par_1_4' title="bbox 194 1072 1293 1463">
     <span class='ocr_line' id='line_1_7' title="bbox 194 1072 1292 1158; baseline -0.001 -21"><span class='ocrx_word' id='word_1_38' title='bbox 194 1072 218 1137; x_wconf 91' lang='lat' dir='ltr'><strong>l.</strong></span> <span class='ocrx_word' id='word_1_39' title='bbox 263 1072 457 1136; x_wconf 83' lang='lat' dir='ltr'><strong>Condonato</strong></span> <span class='ocrx_word' id='word_1_40' title='bbox 479 1073 577 1156; x_wconf 88' lang='lat' dir='ltr'><strong>igit-ur</strong></span> <span class='ocrx_word' id='word_1_41' title='bbox 599 1073 676 1135; x_wconf 90' lang='lat' dir='ltr'><strong>mihi</strong></span> <span class='ocrx_word' id='word_1_42' title='bbox 699 1073 765 1138; x_wconf 90' lang='lat' dir='ltr'><strong>hoc</strong></span> <span class='ocrx_word' id='word_1_43' title='bbox 781 1073 957 1137; x_wconf 87' lang='lat' dir='ltr'><strong>decretum.</strong></span> <span class='ocrx_word' id='word_1_44' title='bbox 979 1073 1095 1158; x_wconf 86' lang='lat' dir='ltr'><strong>Longe</strong></span> <span class='ocrx_word' id='word_1_45' title='bbox 1110 1073 1194 1137; x_wconf 87' lang='lat' dir='ltr'><strong>alius</strong></span> <span class='ocrx_word' id='word_1_46' title='bbox 1206 1075 1292 1138; x_wconf 89' lang='lat' dir='ltr'><strong>enim</strong></span> 
     </span>
     <span class='ocr_line' id='line_1_8' title="bbox 258 1174 1293 1260; baseline 0.002 -23"><span class='ocrx_word' id='word_1_47' title='bbox 258 1194 345 1238; x_wconf 91' lang='lat' dir='ltr'><strong>nunc</strong></span> <span class='ocrx_word' id='word_1_48' title='bbox 378 1194 466 1245; x_wconf 82' lang='lat' dir='ltr'><strong>sum,</strong></span> <span class='ocrx_word' id='word_1_49' title='bbox 500 1187 599 1256; x_wconf 88' lang='lat' dir='ltr'><strong>atque</strong></span> <span class='ocrx_word' id='word_1_50' title='bbox 632 1184 728 1239; x_wconf 85' lang='lat' dir='ltr'><strong>antea</strong></span> <span class='ocrx_word' id='word_1_51' title='bbox 760 1174 820 1250; x_wconf 85' lang='lat' dir='ltr'><strong>fui,</strong></span> <span class='ocrx_word' id='word_1_52' title='bbox 844 1185 877 1238; x_wconf 90' lang='lat' dir='ltr'><strong>et</strong></span> <span class='ocrx_word' id='word_1_53' title='bbox 900 1197 942 1239; x_wconf 83' lang='lat' dir='ltr'><strong>ex</strong></span> <span class='ocrx_word' id='word_1_54' title='bbox 963 1175 1123 1260; x_wconf 86' lang='lat' dir='ltr'><strong>majorum</strong></span> <span class='ocrx_word' id='word_1_55' title='bbox 1147 1197 1293 1240; x_wconf 89' lang='lat' dir='ltr'><strong>meorum</strong></span> 
     </span>
     <span class='ocr_line' id='line_1_9' title="bbox 256 1274 1292 1361; baseline 0.005 -24"><span class='ocrx_word' id='word_1_56' title='bbox 256 1275 432 1339; x_wconf 85' lang='lat' dir='ltr'><strong>virtutibus</strong></span> <span class='ocrx_word' id='word_1_57' title='bbox 455 1274 609 1338; x_wconf 88' lang='lat' dir='ltr'><strong>concludi</strong></span> <span class='ocrx_word' id='word_1_58' title='bbox 633 1286 759 1358; x_wconf 84' lang='lat' dir='ltr'><strong>potest.</strong></span> <span class='ocrx_word' id='word_1_59' title='bbox 781 1297 833 1339; x_wconf 88' lang='lat' dir='ltr'><strong>me</strong></span> <span class='ocrx_word' id='word_1_60' title='bbox 856 1277 1050 1361; x_wconf 81' lang='lat' dir='ltr'>popularem</span> <span class='ocrx_word' id='word_1_61' title='bbox 1074 1299 1150 1342; x_wconf 86' lang='lat' dir='ltr'><strong>esse</strong></span> <span class='ocrx_word' id='word_1_62' title='bbox 1172 1279 1292 1343; x_wconf 87' lang='lat' dir='ltr'><strong>virum.</strong></span> 
     </span>
     <span class='ocr_line' id='line_1_10' title="bbox 259 1374 673 1463; baseline -0.01 -23"><span class='ocrx_word' id='word_1_63' title='bbox 259 1377 279 1463; x_wconf 79' lang='lat'>§</span> <span class='ocrx_word' id='word_1_64' title='bbox 301 1375 438 1440; x_wconf 85' lang='grc'><strong>24-26.</strong></span> <span class='ocrx_word' id='word_1_65' title='bbox 461 1374 546 1462; x_wconf 85' lang='grc' dir='ltr'><strong><em>πρὸς</em></strong></span> <span class='ocrx_word' id='word_1_66' title='bbox 567 1374 673 1460; x_wconf 82' lang='grc' dir='ltr'><strong><em>χάριν.</em></strong></span> 
     </span>
    </p>

    <p class='ocr_par' dir='ltr' id='par_1_5' title="bbox 194 1476 693 1564">
     <span class='ocr_line' id='line_1_11' title="bbox 194 1476 693 1564; baseline -0.004 -22"><span class='ocrx_word' id='word_1_67' title='bbox 194 1479 233 1543; x_wconf 94' lang='grc'><strong>11.</strong></span> <span class='ocrx_word' id='word_1_68' title='bbox 255 1477 340 1564; x_wconf 84' lang='grc' dir='ltr'><strong><em>πρὸς</em></strong></span> <span class='ocrx_word' id='word_1_69' title='bbox 363 1477 487 1562; x_wconf 80' lang='grc' dir='ltr'><strong><em>φιλίαν.</em></strong></span> <span class='ocrx_word' id='word_1_70' title='bbox 511 1476 530 1562; x_wconf 59' lang='lat' dir='ltr'><strong>i</strong></span> <span class='ocrx_word' id='word_1_71' title='bbox 557 1476 693 1540; x_wconf 83' lang='lat'><strong>26-27.</strong></span> 
     </span>
    </p>

    <p class='ocr_par' dir='ltr' id='par_1_6' title="bbox 193 1594 578 1684">
     <span class='ocr_line' id='line_1_12' title="bbox 193 1594 578 1684; baseline -0.008 -23"><span class='ocrx_word' id='word_1_72' title='bbox 193 1596 246 1661; x_wconf 89' lang='lat'><strong>111.</strong></span> <span class='ocrx_word' id='word_1_73' title='bbox 259 1599 460 1684; x_wconf 85' lang='grc' dir='ltr'><strong><em>προαίρεσις.</em></strong></span> <span class='ocrx_word' id='word_1_74' title='bbox 484 1594 503 1680; x_wconf 63' lang='grc'>3</span> <span class='ocrx_word' id='word_1_75' title='bbox 526 1595 578 1659; x_wconf 83' lang='grc'><strong>28.</strong></span> 
     </span>
    </p>
   </div>
   <div class='ocr_carea' id='block_1_4' title="bbox 188 1711 1292 3928">
    <p class='ocr_par' dir='ltr' id='par_1_7' title="bbox 189 1711 1292 2509">
     <span class='ocr_line' id='line_1_13' title="bbox 194 1711 1292 1801; baseline 0.006 -24"><span class='ocrx_word' id='word_1_76' title='bbox 194 1713 251 1777; x_wconf 85' lang='lat' dir='ltr'><strong>De</strong></span> <span class='ocrx_word' id='word_1_77' title='bbox 281 1735 334 1780; x_wconf 89' lang='lat' dir='ltr'><strong>or.</strong></span> <span class='ocrx_word' id='word_1_78' title='bbox 362 1713 436 1787; x_wconf 89' lang='lat'>111,</span> <span class='ocrx_word' id='word_1_79' title='bbox 460 1732 545 1796; x_wconf 83' lang='lat' dir='ltr'><strong>quae</strong></span> <span class='ocrx_word' id='word_1_80' title='bbox 571 1722 635 1775; x_wconf 84' lang='lat' dir='ltr'><strong>est</strong></span> <span class='ocrx_word' id='word_1_81' title='bbox 657 1712 825 1801; x_wconf 83' lang='lat' dir='ltr'><strong>dcpace</strong></span> <span class='ocrx_word' id='word_1_82' title='bbox 848 1733 933 1776; x_wconf 89' lang='lat' dir='ltr'><strong>cum</strong></span> <span class='ocrx_word' id='word_1_83' title='bbox 956 1711 1292 1784; x_wconf 77' lang='lat' dir='ltr'><strong>Lacedaemoniis.</strong></span> 
     </span>
     <span class='ocr_line' id='line_1_14' title="bbox 280 1813 1291 1900; baseline 0.004 -20"><span class='ocrx_word' id='word_1_84' title='bbox 280 1815 332 1881; x_wconf 93' lang='grc'><strong>01.</strong></span> <span class='ocrx_word' id='word_1_85' title='bbox 355 1813 464 1879; x_wconf 88' lang='lat' dir='ltr'>XCVI</span> <span class='ocrx_word' id='word_1_86' title='bbox 486 1814 507 1878; x_wconf 91' lang='grc'>4</span> <span class='ocrx_word' id='word_1_87' title='bbox 530 1823 571 1894; x_wconf 82' lang='lat' dir='ltr'><strong>(a.</strong></span> <span class='ocrx_word' id='word_1_88' title='bbox 595 1813 657 1878; x_wconf 88' lang='grc'><strong>393</strong></span> <span class='ocrx_word' id='word_1_89' title='bbox 676 1838 703 1879; x_wconf 88' lang='lat' dir='ltr'><strong>a.</strong></span> <span class='ocrx_word' id='word_1_90' title='bbox 717 1814 791 1878; x_wconf 87' lang='lat' dir='ltr'>Chr.</span> <span class='ocrx_word' id='word_1_91' title='bbox 804 1816 846 1897; x_wconf 84' lang='lat' dir='ltr'><strong>n.)</strong></span> <span class='ocrx_word' id='word_1_92' title='bbox 859 1813 972 1878; x_wconf 86' lang='lat' dir='ltr'><strong>decern</strong></span> <span class='ocrx_word' id='word_1_93' title='bbox 985 1814 1083 1900; x_wconf 82' lang='lat' dir='ltr'><strong>legati</strong></span> <span class='ocrx_word' id='word_1_94' title='bbox 1095 1818 1135 1882; x_wconf 90' lang='lat' dir='ltr'><strong>ab</strong></span> <span class='ocrx_word' id='word_1_95' title='bbox 1153 1818 1291 1884; x_wconf 88' lang='lat' dir='ltr'><strong>Atheni·</strong></span> 
     </span>
     <span class='ocr_line' id='line_1_15' title="bbox 193 1916 1290 2006; baseline 0.004 -25"><span class='ocrx_word' id='word_1_96' title='bbox 193 1917 328 1982; x_wconf 82' lang='lat' dir='ltr'><strong>ensibus</strong></span> <span class='ocrx_word' id='word_1_97' title='bbox 363 1916 600 1986; x_wconf 70' lang='lat' dir='ltr'>Lacedaemona</span> <span class='ocrx_word' id='word_1_98' title='bbox 634 1916 726 1979; x_wconf 88' lang='lat' dir='ltr'><strong>missi</strong></span> <span class='ocrx_word' id='word_1_99' title='bbox 748 1930 825 1978; x_wconf 89' lang='lat' dir='ltr'><strong>sunt</strong></span> <span class='ocrx_word' id='word_1_100' title='bbox 847 1936 920 1979; x_wconf 93' lang='lat' dir='ltr'><strong>cum</strong></span> <span class='ocrx_word' id='word_1_101' title='bbox 943 1917 1118 2002; x_wconf 80' lang='lat' dir='ltr'><strong>Spartiatis</strong></span> <span class='ocrx_word' id='word_1_102' title='bbox 1143 1918 1185 1983; x_wconf 87' lang='lat' dir='ltr'><strong>do</strong></span> <span class='ocrx_word' id='word_1_103' title='bbox 1206 1942 1290 2006; x_wconf 87' lang='lat' dir='ltr'><strong>pace</strong></span> 
     </span>
     <span class='ocr_line' id='line_1_16' title="bbox 192 2016 1289 2103; baseline 0.003 -21"><span class='ocrx_word' id='word_1_104' title='bbox 192 2017 418 2103; x_wconf 86' lang='lat' dir='ltr'><strong>componenda</strong></span> <span class='ocrx_word' id='word_1_105' title='bbox 442 2016 665 2081; x_wconf 86' lang='lat' dir='ltr'><strong>deliberatum.</strong></span> <span class='ocrx_word' id='word_1_106' title='bbox 711 2016 840 2096; x_wconf 83' lang='lat' dir='ltr'><strong>Quoia</strong></span> <span class='ocrx_word' id='word_1_107' title='bbox 864 2039 999 2081; x_wconf 88' lang='lat' dir='ltr'><strong>numero</strong></span> <span class='ocrx_word' id='word_1_108' title='bbox 1016 2018 1207 2084; x_wconf 86' lang='lat' dir='ltr'><strong>Andocides</strong></span> <span class='ocrx_word' id='word_1_109' title='bbox 1219 2022 1289 2086; x_wconf 85' lang='lat' dir='ltr'><strong>fuit.</strong></span> 
     </span>
     <span class='ocr_line' id='line_1_17' title="bbox 192 2118 1289 2207; baseline 0.004 -25"><span class='ocrx_word' id='word_1_110' title='bbox 192 2118 263 2182; x_wconf 88' lang='lat' dir='ltr'><strong>Hac</strong></span> <span class='ocrx_word' id='word_1_111' title='bbox 294 2119 442 2183; x_wconf 87' lang='lat' dir='ltr'><strong>oratione</strong></span> <span class='ocrx_word' id='word_1_112' title='bbox 480 2119 649 2183; x_wconf 83' lang='lat' dir='ltr'><strong>sentcntiae</strong></span> <span class='ocrx_word' id='word_1_113' title='bbox 683 2131 844 2203; x_wconf 72' lang='lat' dir='ltr'><strong>repugnat</strong></span> <span class='ocrx_word' id='word_1_114' title='bbox 877 2127 990 2183; x_wconf 87' lang='lat' dir='ltr'><strong>orator</strong></span> <span class='ocrx_word' id='word_1_115' title='bbox 1024 2130 1209 2195; x_wconf 86' lang='lat' dir='ltr'><strong>eteorum,</strong></span> <span class='ocrx_word' id='word_1_116' title='bbox 1233 2123 1289 2207; x_wconf 91' lang='lat' dir='ltr'><strong>qui</strong></span> 
     </span>
     <span class='ocr_line' id='line_1_18' title="bbox 189 2218 1290 2306; baseline 0.003 -21"><span class='ocrx_word' id='word_1_117' title='bbox 189 2219 311 2285; x_wconf 86' lang='lat' dir='ltr'><strong>bellum</strong></span> <span class='ocrx_word' id='word_1_118' title='bbox 335 2220 407 2306; x_wconf 87' lang='lat' dir='ltr'><strong>paci</strong></span> <span class='ocrx_word' id='word_1_119' title='bbox 430 2218 676 2284; x_wconf 81' lang='lat' dir='ltr'><strong>anteferendum</strong></span> <span class='ocrx_word' id='word_1_120' title='bbox 699 2219 951 2296; x_wconf 74' lang='lat' dir='ltr'><strong>arbitrabantur,</strong></span> <span class='ocrx_word' id='word_1_121' title='bbox 974 2229 1007 2284; x_wconf 88' lang='lat' dir='ltr'><strong>et</strong></span> <span class='ocrx_word' id='word_1_122' title='bbox 1029 2224 1290 2305; x_wconf 86' lang='lat' dir='ltr'><strong>eorum‚quibus</strong></span> 
     </span>
     <span class='ocr_line' id='line_1_19' title="bbox 189 2317 1290 2406; baseline 0.005 -22"><span class='ocrx_word' id='word_1_123' title='bbox 189 2323 281 2406; x_wconf 88' lang='lat' dir='ltr'><strong>pacis</strong></span> <span class='ocrx_word' id='word_1_124' title='bbox 314 2317 474 2386; x_wconf 74' lang='lat' dir='ltr'><strong>faciendae</strong></span> <span class='ocrx_word' id='word_1_125' title='bbox 507 2342 722 2406; x_wconf 86' lang='lat' dir='ltr'><strong>praepropera</strong></span> <span class='ocrx_word' id='word_1_126' title='bbox 743 2318 910 2384; x_wconf 86' lang='lat' dir='ltr'><strong>festinatio</strong></span> <span class='ocrx_word' id='word_1_127' title='bbox 932 2321 1093 2406; x_wconf 86' lang='lat' dir='ltr'><strong>placebat.</strong></span> <span class='ocrx_word' id='word_1_128' title='bbox 1138 2323 1290 2390; x_wconf 78' lang='lat' dir='ltr'><strong>Ceterum</strong></span> 
     </span>
     <span class='ocr_line' id='line_1_20' title="bbox 191 2419 1289 2509; baseline 0.005 -23"><span class='ocrx_word' id='word_1_129' title='bbox 191 2421 231 2486; x_wconf 84' lang='lat' dir='ltr'><strong>cf.</strong></span> <span class='ocrx_word' id='word_1_130' title='bbox 254 2423 292 2487; x_wconf 87' lang='lat' dir='ltr'><strong>A.</strong></span> <span class='ocrx_word' id='word_1_131' title='bbox 317 2422 356 2486; x_wconf 88' lang='lat' dir='ltr'><strong>G.</strong></span> <span class='ocrx_word' id='word_1_132' title='bbox 380 2422 513 2487; x_wconf 85' lang='lat' dir='ltr'><strong>Becker.</strong></span> <span class='ocrx_word' id='word_1_133' title='bbox 538 2421 667 2485; x_wconf 88' lang='lat' dir='ltr'><strong>Audok.</strong></span> <span class='ocrx_word' id='word_1_134' title='bbox 692 2442 723 2506; x_wconf 93' lang='lat' dir='ltr'><strong>p.</strong></span> <span class='ocrx_word' id='word_1_135' title='bbox 746 2421 787 2485; x_wconf 86' lang='grc'><strong>37</strong></span> <span class='ocrx_word' id='word_1_136' title='bbox 811 2442 860 2505; x_wconf 89' lang='lat' dir='ltr'><strong>sq.</strong></span> <span class='ocrx_word' id='word_1_137' title='bbox 884 2420 918 2484; x_wconf 87' lang='lat' dir='ltr'><strong>C.</strong></span> <span class='ocrx_word' id='word_1_138' title='bbox 943 2419 980 2485; x_wconf 88' lang='lat' dir='ltr'><strong>G.</strong></span> <span class='ocrx_word' id='word_1_139' title='bbox 998 2421 1289 2509; x_wconf 87' lang='lat' dir='ltr'><strong>KruegerHistor.</strong></span> 
     </span>
    </p>

    <p class='ocr_par' dir='ltr' id='par_1_8' title="bbox 190 2522 586 2596">
     <span class='ocr_line' id='line_1_21' title="bbox 190 2522 586 2596; baseline 0.008 -10"><span class='ocrx_word' id='word_1_140' title='bbox 190 2522 310 2588; x_wconf 89' lang='lat' dir='ltr'><strong>Philol.</strong></span> <span class='ocrx_word' id='word_1_141' title='bbox 334 2523 428 2588; x_wconf 88' lang='lat' dir='ltr'><strong>Stud.</strong></span> <span class='ocrx_word' id='word_1_142' title='bbox 451 2525 490 2596; x_wconf 90' lang='grc' dir='ltr'><strong>ΙΙ,</strong></span> <span class='ocrx_word' id='word_1_143' title='bbox 514 2524 586 2590; x_wconf 87' lang='grc'><strong>241.</strong></span> 
     </span>
    </p>

    <p class='ocr_par' dir='ltr' id='par_1_9' title="bbox 231 2623 621 2714">
     <span class='ocr_line' id='line_1_22' title="bbox 231 2623 621 2714; baseline -0.003 -24"><span class='ocrx_word' id='word_1_144' title='bbox 231 2629 461 2714; x_wconf 84' lang='grc' dir='ltr'><strong>προοίμιον.</strong></span> <span class='ocrx_word' id='word_1_145' title='bbox 485 2625 504 2710; x_wconf 80' lang='lat'>§</span> <span class='ocrx_word' id='word_1_146' title='bbox 532 2623 621 2690; x_wconf 82' lang='lat'><strong>1-2.</strong></span> 
     </span>
    </p>

    <p class='ocr_par' dir='ltr' id='par_1_10' title="bbox 230 2725 1288 3115">
     <span class='ocr_line' id='line_1_23' title="bbox 252 2725 1285 2795; baseline 0.001 -1"><span class='ocrx_word' id='word_1_147' title='bbox 252 2727 325 2794; x_wconf 84' lang='lat' dir='ltr'><strong>Pax</strong></span> <span class='ocrx_word' id='word_1_148' title='bbox 357 2728 446 2794; x_wconf 89' lang='lat' dir='ltr'><strong>bello</strong></span> <span class='ocrx_word' id='word_1_149' title='bbox 480 2727 594 2791; x_wconf 82' lang='lat' dir='ltr'><strong>melior</strong></span> <span class='ocrx_word' id='word_1_150' title='bbox 628 2725 779 2791; x_wconf 88' lang='lat' dir='ltr'><strong>omnibus</strong></span> <span class='ocrx_word' id='word_1_151' title='bbox 810 2725 947 2790; x_wconf 87' lang='lat' dir='ltr'><strong>videtur.</strong></span> <span class='ocrx_word' id='word_1_152' title='bbox 993 2725 1285 2795; x_wconf 33' lang='lat' dir='ltr'><strong>Oratoressautern</strong></span> 
     </span>
     <span class='ocr_line' id='line_1_24' title="bbox 252 2825 1288 2914; baseline 0.003 -22"><span class='ocrx_word' id='word_1_153' title='bbox 252 2850 367 2914; x_wconf 88' lang='lat' dir='ltr'><strong>pacem</strong></span> <span class='ocrx_word' id='word_1_154' title='bbox 399 2828 529 2891; x_wconf 89' lang='lat' dir='ltr'><strong>nomine</strong></span> <span class='ocrx_word' id='word_1_155' title='bbox 563 2825 806 2894; x_wconf 82' lang='lat' dir='ltr'><strong>commendant.</strong></span> <span class='ocrx_word' id='word_1_156' title='bbox 840 2847 876 2888; x_wconf 84' lang='lat' dir='ltr'><strong>re</strong></span> <span class='ocrx_word' id='word_1_157' title='bbox 909 2827 1109 2909; x_wconf 87' lang='lat' dir='ltr'><strong>impugnant.</strong></span> <span class='ocrx_word' id='word_1_158' title='bbox 1165 2829 1288 2896; x_wconf 90' lang='lat' dir='ltr'><strong>Dicunt</strong></span> 
     </span>
     <span class='ocr_line' id='line_1_25' title="bbox 253 2923 1287 3014; baseline 0.002 -20"><span class='ocrx_word' id='word_1_159' title='bbox 253 2932 352 3004; x_wconf 85' lang='lat' dir='ltr'><strong>enim,</strong></span> <span class='ocrx_word' id='word_1_160' title='bbox 374 2950 456 3014; x_wconf 84' lang='lat' dir='ltr'><strong>paca</strong></span> <span class='ocrx_word' id='word_1_161' title='bbox 478 2926 564 2991; x_wconf 82' lang='lat' dir='ltr'><strong>facta</strong></span> <span class='ocrx_word' id='word_1_162' title='bbox 586 2925 820 3008; x_wconf 82' lang='lat' dir='ltr'><strong>rempublicam</strong></span> <span class='ocrx_word' id='word_1_163' title='bbox 845 2923 994 2988; x_wconf 90' lang='lat' dir='ltr'><strong>dissolvi.</strong></span> <span class='ocrx_word' id='word_1_164' title='bbox 1017 2925 1036 3010; x_wconf 80' lang='lat'>§</span> <span class='ocrx_word' id='word_1_165' title='bbox 1062 2928 1088 2990; x_wconf 92' lang='lat' dir='ltr'><strong>l.</strong></span> <span class='ocrx_word' id='word_1_166' title='bbox 1110 2926 1287 3014; x_wconf 74' lang='grc' dir='ltr'><strong><em>πρόθεσις.</em></strong></span> 
     </span>
     <span class='ocr_line' id='line_1_26' title="bbox 230 3025 1172 3115; baseline -0.002 -20"><span class='ocrx_word' id='word_1_167' title='bbox 230 3031 499 3115; x_wconf 63' lang='lat' dir='ltr'><strong>dedoleoque.</strong></span> <span class='ocrx_word' id='word_1_168' title='bbox 523 3026 544 3111; x_wconf 77' lang='lat'><em>§</em></span> <span class='ocrx_word' id='word_1_169' title='bbox 566 3026 680 3089; x_wconf 86' lang='lat'><strong>2-39.</strong></span> <span class='ocrx_word' id='word_1_170' title='bbox 706 3025 752 3089; x_wconf 84' lang='lat' dir='ltr'><strong>Cf.</strong></span> <span class='ocrx_word' id='word_1_171' title='bbox 776 3027 880 3089; x_wconf 85' lang='lat' dir='ltr'><strong>Anax.</strong></span> <span class='ocrx_word' id='word_1_172' title='bbox 905 3049 934 3110; x_wconf 91' lang='lat' dir='ltr'><strong>p.</strong></span> <span class='ocrx_word' id='word_1_173' title='bbox 958 3026 1030 3103; x_wconf 89' lang='grc'>223,</span> <span class='ocrx_word' id='word_1_174' title='bbox 1056 3028 1097 3091; x_wconf 89' lang='lat'><strong>30</strong></span> <span class='ocrx_word' id='word_1_175' title='bbox 1122 3051 1172 3114; x_wconf 91' lang='lat' dir='ltr'><strong>sq.</strong></span> 
     </span>
    </p>

    <p class='ocr_par' dir='ltr' id='par_1_11' title="bbox 188 3125 1287 3624">
     <span class='ocr_line' id='line_1_27' title="bbox 188 3125 1285 3220; baseline -0.001 -22"><span class='ocrx_word' id='word_1_176' title='bbox 188 3134 210 3198; x_wconf 92' lang='grc' dir='ltr'><strong>Ι.</strong></span> <span class='ocrx_word' id='word_1_177' title='bbox 253 3134 288 3220; x_wconf 87' lang='grc' dir='ltr'><strong>α)</strong></span> <span class='ocrx_word' id='word_1_178' title='bbox 325 3132 361 3197; x_wconf 87' lang='lat' dir='ltr'><strong>Si</strong></span> <span class='ocrx_word' id='word_1_179' title='bbox 406 3150 580 3214; x_wconf 88' lang='lat' dir='ltr'><strong>numquam</strong></span> <span class='ocrx_word' id='word_1_180' title='bbox 621 3137 695 3190; x_wconf 89' lang='lat' dir='ltr'><strong>ante</strong></span> <span class='ocrx_word' id='word_1_181' title='bbox 732 3125 797 3191; x_wconf 93' lang='lat' dir='ltr'><strong>hoc</strong></span> <span class='ocrx_word' id='word_1_182' title='bbox 831 3136 961 3213; x_wconf 87' lang='lat' dir='ltr'><strong>tempus</strong></span> <span class='ocrx_word' id='word_1_183' title='bbox 1002 3128 1148 3213; x_wconf 87' lang='lat' dir='ltr'><strong>populus</strong></span> <span class='ocrx_word' id='word_1_184' title='bbox 1182 3132 1285 3197; x_wconf 89' lang='lat' dir='ltr'><strong>Athe·</strong></span> 
     </span>
     <span class='ocr_line' id='line_1_28' title="bbox 251 3227 1286 3316; baseline -0.001 -17"><span class='ocrx_word' id='word_1_185' title='bbox 251 3234 410 3299; x_wconf 84' lang='lat' dir='ltr'><strong>niensium</strong></span> <span class='ocrx_word' id='word_1_186' title='bbox 444 3254 517 3296; x_wconf 91' lang='lat' dir='ltr'><strong>cum</strong></span> <span class='ocrx_word' id='word_1_187' title='bbox 541 3227 798 3292; x_wconf 80' lang='lat' dir='ltr'><strong>Lacedaemoniis</strong></span> <span class='ocrx_word' id='word_1_188' title='bbox 821 3251 935 3314; x_wconf 84' lang='lat' dir='ltr'><strong>pacem</strong></span> <span class='ocrx_word' id='word_1_189' title='bbox 959 3227 1106 3305; x_wconf 86' lang='lat' dir='ltr'><strong>fecisset,</strong></span> <span class='ocrx_word' id='word_1_190' title='bbox 1129 3234 1286 3316; x_wconf 84' lang='lat' dir='ltr'><strong>probabi·</strong></span> 
     </span>
     <span class='ocr_line' id='line_1_29' title="bbox 250 3330 1284 3417; baseline 0 -16"><span class='ocrx_word' id='word_1_191' title='bbox 250 3337 325 3402; x_wconf 88' lang='lat' dir='ltr'><strong>liter</strong></span> <span class='ocrx_word' id='word_1_192' title='bbox 348 3334 413 3399; x_wconf 95' lang='lat' dir='ltr'><strong>hoc</strong></span> <span class='ocrx_word' id='word_1_193' title='bbox 436 3332 590 3398; x_wconf 82' lang='lat' dir='ltr'><strong>dicerent.</strong></span> <span class='ocrx_word' id='word_1_194' title='bbox 636 3330 735 3416; x_wconf 81' lang='lat' dir='ltr'><strong>Atqui</strong></span> <span class='ocrx_word' id='word_1_195' title='bbox 760 3354 802 3394; x_wconf 84' lang='lat' dir='ltr'><strong>cx</strong></span> <span class='ocrx_word' id='word_1_196' title='bbox 823 3331 878 3407; x_wconf 86' lang='lat' dir='ltr'><strong>iis,</strong></span> <span class='ocrx_word' id='word_1_197' title='bbox 901 3354 975 3417; x_wconf 86' lang='lat' dir='ltr'><strong>quae</strong></span> <span class='ocrx_word' id='word_1_198' title='bbox 998 3345 1072 3398; x_wconf 87' lang='lat' dir='ltr'><strong>ante</strong></span> <span class='ocrx_word' id='word_1_199' title='bbox 1095 3332 1284 3412; x_wconf 85' lang='lat' dir='ltr'><strong>factasunt,</strong></span> 
     </span>
     <span class='ocr_line' id='line_1_30' title="bbox 251 3432 1287 3521; baseline -0.001 -19"><span class='ocrx_word' id='word_1_200' title='bbox 251 3436 294 3502; x_wconf 85' lang='lat' dir='ltr'><strong>de</strong></span> <span class='ocrx_word' id='word_1_201' title='bbox 315 3437 371 3512; x_wconf 87' lang='lat' dir='ltr'><strong>iis,</strong></span> <span class='ocrx_word' id='word_1_202' title='bbox 394 3456 468 3521; x_wconf 80' lang='lat' dir='ltr'><strong>quae</strong></span> <span class='ocrx_word' id='word_1_203' title='bbox 491 3435 628 3508; x_wconf 84' lang='lat' dir='ltr'><strong>instant,</strong></span> <span class='ocrx_word' id='word_1_204' title='bbox 652 3432 842 3519; x_wconf 87' lang='lat' dir='ltr'><strong>conjectura</strong></span> <span class='ocrx_word' id='word_1_205' title='bbox 865 3435 1024 3519; x_wconf 85' lang='lat' dir='ltr'><strong>capienda</strong></span> <span class='ocrx_word' id='word_1_206' title='bbox 1047 3435 1179 3520; x_wconf 81' lang='lat' dir='ltr'><strong>est.§2.</strong></span> <span class='ocrx_word' id='word_1_207' title='bbox 1197 3435 1287 3510; x_wconf 84' lang='grc' dir='ltr'><strong><em>εἰκός</em></strong></span> 
     </span>
     <span class='ocr_line' id='line_1_31' title="bbox 249 3535 862 3624; baseline -0.01 -20"><span class='ocrx_word' id='word_1_208' title='bbox 249 3539 363 3624; x_wconf 72' lang='grc' dir='ltr'><strong>(ἔθος).</strong></span> <span class='ocrx_word' id='word_1_209' title='bbox 387 3537 435 3602; x_wconf 82' lang='lat' dir='ltr'><strong>cf.</strong></span> <span class='ocrx_word' id='word_1_210' title='bbox 458 3537 605 3600; x_wconf 83' lang='lat' dir='ltr'><strong>Anaxim.</strong></span> <span class='ocrx_word' id='word_1_211' title='bbox 629 3535 701 3607; x_wconf 83' lang='lat'>220,</span> <span class='ocrx_word' id='word_1_212' title='bbox 725 3535 763 3599; x_wconf 85' lang='lat'><strong>31</strong></span> <span class='ocrx_word' id='word_1_213' title='bbox 789 3555 862 3619; x_wconf 85' lang='lat' dir='ltr'><strong>sqq.</strong></span> 
     </span>
    </p>

    <p class='ocr_par' dir='ltr' id='par_1_12' title="bbox 206 3634 877 3726">
     <span class='ocr_line' id='line_1_32' title="bbox 206 3634 877 3726; baseline -0.009 -21"><span class='ocrx_word' id='word_1_214' title='bbox 206 3641 240 3726; x_wconf 77' lang='grc' dir='ltr'><strong>β)</strong></span> <span class='ocrx_word' id='word_1_215' title='bbox 265 3644 291 3705; x_wconf 90' lang='lat' dir='ltr'><strong>l.</strong></span> <span class='ocrx_word' id='word_1_216' title='bbox 315 3641 349 3724; x_wconf 85' lang='lat' dir='ltr'><strong>a)</strong></span> <span class='ocrx_word' id='word_1_217' title='bbox 372 3638 422 3702; x_wconf 89' lang='lat' dir='ltr'><strong>Dc</strong></span> <span class='ocrx_word' id='word_1_218' title='bbox 444 3639 534 3702; x_wconf 85' lang='lat' dir='ltr'><strong>bello</strong></span> <span class='ocrx_word' id='word_1_219' title='bbox 558 3635 717 3699; x_wconf 83' lang='lat' dir='ltr'><strong>Euboico.</strong></span> <span class='ocrx_word' id='word_1_220' title='bbox 741 3634 760 3716; x_wconf 60' lang='grc' dir='ltr'>Ι</span> <span class='ocrx_word' id='word_1_221' title='bbox 784 3635 877 3701; x_wconf 84' lang='grc'><strong>3-4.</strong></span> 
     </span>
    </p>

    <p class='ocr_par' dir='ltr' id='par_1_13' title="bbox 226 3735 1285 3928">
     <span class='ocr_line' id='line_1_33' title="bbox 227 3735 1285 3827; baseline 0 -23"><span class='ocrx_word' id='word_1_222' title='bbox 227 3741 258 3827; x_wconf 81' lang='lat' dir='ltr'><strong>b)</strong></span> <span class='ocrx_word' id='word_1_223' title='bbox 282 3738 369 3819; x_wconf 88' lang='lat' dir='ltr'><strong>Quid</strong></span> <span class='ocrx_word' id='word_1_224' title='bbox 389 3760 430 3802; x_wconf 88' lang='lat' dir='ltr'><strong>ex</strong></span> <span class='ocrx_word' id='word_1_225' title='bbox 443 3758 523 3822; x_wconf 87' lang='lat' dir='ltr'><strong>pace</strong></span> <span class='ocrx_word' id='word_1_226' title='bbox 535 3735 622 3797; x_wconf 88' lang='lat' dir='ltr'><strong>facta</strong></span> <span class='ocrx_word' id='word_1_227' title='bbox 633 3735 822 3818; x_wconf 85' lang='lat' dir='ltr'><strong>reipublicae</strong></span> <span class='ocrx_word' id='word_1_228' title='bbox 835 3735 1027 3801; x_wconf 86' lang='lat' dir='ltr'><strong>redundarit</strong></span> <span class='ocrx_word' id='word_1_229' title='bbox 1040 3739 1211 3802; x_wconf 90' lang='lat' dir='ltr'><strong>commodi.</strong></span> <span class='ocrx_word' id='word_1_230' title='bbox 1224 3739 1242 3824; x_wconf 66' lang='grc' dir='ltr'><strong>ἕ</strong></span> <span class='ocrx_word' id='word_1_231' title='bbox 1254 3739 1285 3804; x_wconf 82' lang='lat'><strong>5.</strong></span> 
     </span>
     <span class='ocr_line' id='line_1_34' title="bbox 226 3835 810 3928; baseline -0.005 -23"><span class='ocrx_word' id='word_1_232' title='bbox 226 3840 256 3907; x_wconf 89' lang='grc'><strong>2.</strong></span> <span class='ocrx_word' id='word_1_233' title='bbox 278 3840 313 3928; x_wconf 86' lang='lat' dir='ltr'><strong>o)</strong></span> <span class='ocrx_word' id='word_1_234' title='bbox 336 3839 388 3904; x_wconf 90' lang='lat' dir='ltr'><strong>De</strong></span> <span class='ocrx_word' id='word_1_235' title='bbox 410 3837 499 3904; x_wconf 84' lang='lat' dir='ltr'><strong>bello</strong></span> <span class='ocrx_word' id='word_1_236' title='bbox 523 3835 714 3920; x_wconf 83' lang='lat' dir='ltr'><strong>AEginetico.</strong></span> <span class='ocrx_word' id='word_1_237' title='bbox 738 3836 758 3921; x_wconf 70' lang='grc'><strong>5</strong></span> <span class='ocrx_word' id='word_1_238' title='bbox 781 3837 810 3902; x_wconf 89' lang='grc'><strong>6.</strong></span> 
     </span>
    </p>
   </div>
   <div class='ocr_carea' id='block_1_5' title="bbox 181 4038 1285 4195">
    <p class='ocr_par' dir='ltr' id='par_1_14' title="bbox 181 4038 1285 4195">
     <span class='ocr_line' id='line_1_35' title="bbox 181 4038 1285 4113; baseline 0.002 -17"><span class='ocrx_word' id='word_1_239' title='bbox 181 4040 385 4096; x_wconf 70' lang='grc' dir='ltr'><strong>ἐτέθνασαν.</strong></span> <span class='ocrx_word' id='word_1_240' title='bbox 418 4039 681 4113; x_wconf 73' lang='lat' dir='ltr'><strong>Antiph.11‚p,3;</strong></span> <span class='ocrx_word' id='word_1_241' title='bbox 709 4039 734 4093; x_wconf 84' lang='grc'><strong>9.</strong></span> <span class='ocrx_word' id='word_1_242' title='bbox 752 4059 778 4111; x_wconf 81' lang='grc' dir='ltr'><strong>γ,</strong></span> <span class='ocrx_word' id='word_1_243' title='bbox 798 4038 827 4105; x_wconf 89' lang='grc'><strong>2;</strong></span> <span class='ocrx_word' id='word_1_244' title='bbox 855 4041 886 4106; x_wconf 76' lang='grc'><strong>3;</strong></span> <span class='ocrx_word' id='word_1_245' title='bbox 910 4043 934 4096; x_wconf 85' lang='grc'><strong>5.</strong></span> <span class='ocrx_word' id='word_1_246' title='bbox 970 4042 1111 4112; x_wconf 74' lang='grc' dir='ltr'><strong>111,β,4.</strong></span> <span class='ocrx_word' id='word_1_247' title='bbox 1140 4041 1241 4112; x_wconf 63' lang='grc' dir='ltr'><strong>ΙΙΗ,</strong></span> <span class='ocrx_word' id='word_1_248' title='bbox 1259 4046 1285 4098; x_wconf 88' lang='grc'><strong>2.</strong></span> 
     </span>
     <span class='ocr_line' id='line_1_36' title="bbox 181 4124 1035 4195; baseline 0.002 -17"><span class='ocrx_word' id='word_1_249' title='bbox 181 4127 217 4192; x_wconf 80' lang='lat' dir='ltr'><strong>V,</strong></span> <span class='ocrx_word' id='word_1_250' title='bbox 234 4126 283 4192; x_wconf 81' lang='lat'><strong>24;</strong></span> <span class='ocrx_word' id='word_1_251' title='bbox 301 4125 349 4192; x_wconf 67' lang='lat'><strong>383</strong></span> <span class='ocrx_word' id='word_1_252' title='bbox 368 4127 409 4182; x_wconf 80' lang='grc'><strong>86.</strong></span> <span class='ocrx_word' id='word_1_253' title='bbox 445 4125 495 4191; x_wconf 86' lang='lat' dir='ltr'><strong>Vl,</strong></span> <span class='ocrx_word' id='word_1_254' title='bbox 513 4125 548 4180; x_wconf 80' lang='lat'><strong>48</strong></span> <span class='ocrx_word' id='word_1_255' title='bbox 592 4126 692 4195; x_wconf 84' lang='lat' dir='ltr'><strong>Krneg·</strong></span> <span class='ocrx_word' id='word_1_256' title='bbox 713 4124 758 4178; x_wconf 84' lang='lat' dir='ltr'><strong>Gr.</strong></span> <span class='ocrx_word' id='word_1_257' title='bbox 778 4125 826 4179; x_wconf 85' lang='lat' dir='ltr'><strong>Gr.</strong></span> <span class='ocrx_word' id='word_1_258' title='bbox 847 4127 869 4190; x_wconf 82' lang='lat'><strong>1,</strong></span> <span class='ocrx_word' id='word_1_259' title='bbox 889 4127 932 4192; x_wconf 80' lang='lat'><strong>53,</strong></span> <span class='ocrx_word' id='word_1_260' title='bbox 950 4128 993 4188; x_wconf 88' lang='lat'><strong>10,</strong></span> <span class='ocrx_word' id='word_1_261' title='bbox 1013 4130 1035 4183; x_wconf 82' lang='lat'><strong>5.</strong></span> 
     </span>
    </p>
   </div>
   <div class='ocr_carea' id='block_1_6' title="bbox 0 0 1474 5026">
    <p class='ocr_par' dir='ltr' id='par_1_15' title="bbox 0 0 1474 5026">
     <span class='ocr_line' id='line_1_37' title="bbox 0 0 1474 5026; baseline 0 2"><span class='ocrx_word' id='word_1_262' title='bbox 0 0 1474 5026; x_wconf 95' lang='lat' dir='ltr'><strong> </strong></span> 
     </span>
    </p>
   </div>
  </div>
 </body>
</html>
