2940 5026
351 380 389 444 10

301 557 382 613 sunt
415 547 565 614 omnibus
600 568 772 614 cansarum
794 549 944 635 partibus
966 552 1150 617 eommunia
1172 551 1229 617 ille
1250 551 1402 639 quidem,

302 650 365 714 aed
388 651 547 714 maximus
570 671 682 715 eornm
705 673 790 717 usus
810 651 842 714 in
866 653 1021 717 suasione
1042 663 1076 717 et
1098 653 1288 720 disuasione
1304 659 1402 723 est¹⁸.

301 752 399 817 Latet
421 772 555 837 quoque
578 752 758 836 argumenti
781 752 904 837 aliquid
927 754 960 817 iu
983 753 1233 839 amplificat-ione
1256 768 1288 820 et
1307 770 1399 822 exte·

300 857 456 920 nuatione
478 848 640 941 (αῠξήσει,
661 852 885 935 ταπεινώσει),
909 874 1045 937 quarum
1067 878 1149 920 usus
1172 878 1273 941 quum
1295 859 1328 921 in
1343 881 1397 923 oe·

298 959 379 1022 teris
403 966 468 1029 est,
491 965 558 1019 tum
574 957 607 1018 in
624 954 868 1020 laudationibus
885 966 918 1020 et
933 957 1227 1040 vituperationibus
1243 958 1398 1045 frequen·

296 1060 445 1125 tissimus
453 1056 489 1120 ¹⁹.
532 1055 768 1120 Probationum
791 1072 980 1140 argumenta
1003 1059 1153 1142 (πίστεις)
1176 1073 1233 1124 aut
1253 1082 1296 1125 ex
1311 1064 1396 1147 ipsis

296 1161 408 1224 verbis
436 1158 590 1222 strabus
613 1170 647 1221 st
667 1156 855 1222 hominibus
877 1170 1085 1242 repetuntur,
1107 1173 1165 1224 ant
1187 1161 1319 1226 aliunde
1340 1186 1397 1229 so·

299 1262 472 1346 quiruntur
506 1258 556 1338 (αί
574 1251 768 1322 θ’ἐπίθετοι
788 1267 858 1330 τοῖς
880 1260 1067 1340 λεγομένοις
1087 1259 1142 1325 καὶ
1164 1271 1233 1334 τοῖς
1253 1285 1395 1350 πραττο-

294 1360 462 1445 μένοιςΡθ.
507 1358 623 1424 Priore
645 1361 678 1424 in
700 1381 820 1444 genere
842 1372 921 1424 sunt
943 1363 1161 1446 probabilia²¹
1184 1362 1236 1442 (τὰ
1253 1363 1394 1448 εἰκότα),

296 1463 481 1549 exempla²²
504 1461 789 1548 (παραδείγματα),
813 1483 855 1524 ex
877 1465 1041 1527 contrario
1058 1465 1393 1546 rati‹›einatio²⁸(vsae·

293 1566 441 1655 μήριον),
464 1586 506 1629 ex
521 1565 780 1649 repugnantibus
796 1564 848 1627 vel
864 1566 1101 1648 argumentatio
1120 1568 1170 1631 vel
1186 1569 1390 1635 sententiosa

295 1666 502 1734 conclusio²⁴
522 1664 740 1753 (ἐνθύμημα).
757 1665 953 1729 sententia²5
969 1665 1119 1753 (γνώμη),
1140 1668 1303 1752 signum²⁸
1317 1682 1391 1759 (ση-

292 1776 416 1852 μεῖον),
450 1766 586 1832 evidens
615 1765 804 1851 probati0²³
827 1765 987 1847 (ἔλεγχος).
1034 1767 1236 1833 Posterioris
1258 1774 1390 1856 generis

294 1881 372 1935 sunt
395 1869 506 1954 opinio
530 1867 703 1931 dicentis²⁸
726 1864 758 1954 (ἡ
781 1864 860 1942 δόξα
874 1868 934 1930 τοῦ
948 1867 1125 1947 λέγοντος).
1142 1871 1280 1936 testes²⁹
1295 1882 1391 1960 (μαρ-

292 1974 417 2059 τυρία),
434 1968 611 2055 qnaestio⁸⁰
626 1965 807 2051 (βάσανοι),
818 1967 1084 2054 jusjurandum³¹
1101 1963 1231 2057 (ὅρκος).
1253 1976 1390 2049 monete

363 2143 395 2193 18
433 2141 553 2193 Anaxinr.
571 2158 595 2209 p.
618 2138 675 2201 186,
696 2139 803 2192 14-16.
824 2139 883 2201 189,
901 2139 1014 2194 30-39.
1036 2140 1092 2204 191,
1110 2141 1220 2197 95-99.

363 2225 395 2277 19
431 2229 519 2277 Anax·
541 2222 597 2284 187,
616 2223 632 2274 3
651 2241 712 2294 sqq.
734 2222 793 2285 191,
811 2224 923 2276 att-³31.

360 2310 395 2362 90
430 2308 517 2362 Anax.
537 2307 594 2370 199,
615 2307 647 2359 ll
666 2324 707 2378 sq.
926 2359 930 2367 ,

359 2395 390 2448 91
430 2393 612 2447 eredibilia
640 2389 748 2456 Quintil.
775 2390 795 2445 1.
823 2392 854 2446 0.
873 2392 907 2457 V,
926 2394 951 2454 9,
970 2395 1011 2448 16.
1055 2394 1086 2449 ln
1115 2396 1211 2468 quibos
1238 2400 1288 2454 tria
1306 2414 1387 2471 sunt,

290 2477 423 2543 πάθος,
443 2479 542 2542 ἔθος,
559 2473 696 2548 κέρδος.
716 2478 868 2532 Anaxim.n.
886 2480 907 2531 7.
926 2499 952 2551 p.
972 2481 1031 2544 199,
1048 2481 1082 2533 93
1101 2501 1161 2554 sqq.
1197 2485 1236 2538 tf.
1255 2487 1385 2562 Spengel.

287 2566 467 2621 commentar.
485 2583 510 2635 p.
531 2563 586 2617 154.
605 2565 675 2616 Artt.
694 2562 803 2634 Seriptt.
822 2583 848 2636 p.
868 2566 909 2617 31.
928 2565 1042 2620 Usener.
1061 2586 1085 2638 p.
1104 2569 1139 2619 36
1157 2588 1199 2641 sq.

357 2651 392 2704 99
428 2654 512 2703 Anax.
531 2667 553 2701 o.
572 2648 596 2704 8.
614 2647 717 2701 Horum
736 2648 790 2701 (luo
809 2666 908 2721 genera
926 2662 998 2715 sunt,
1015 2654 1057 2704 τὰ
1073 2652 1137 2720 μὲν
1159 2659 1246 2709 κατὰ
1270 2654 1383 2731 λόγον,

285 2738 327 2790 τὰ
343 2731 379 2788 δὲ
397 2736 492 2806 παρὰ
508 2731 620 2804 λόγον.

357 2821 391 2873 93
428 2823 512 2874 Anax.
531 2837 552 2872 e.
571 2820 594 2870 9.
619 2817 657 2871 Cf.
676 2817 791 2871 Ernesti.
811 2817 875 2872 Lex.
894 2836 916 2872 s.
933 2839 956 2875 v.
983 2821 1109 2894 Spengel.
1134 2822 1168 2876 ad
1193 2827 1281 2878 Annx.
1299 2826 1383 2882 Corn·

285 2915 366 2962 ment.
384 2925 409 2978 p.
430 2907 477 2958 161
498 2923 539 2977 sq.
558 2903 647 2970 Quint.
664 2904 683 2958 l.
702 2903 735 2957 0.
753 2903 788 2968 V,
807 2905 832 2966 9,
852 2905 875 2956 l·
893 2905 1007 2977 Kayser.
1026 2908 1060 2961 ad
1078 2908 1179 2961 Carnis.
1197 2929 1223 2980 p.
1241 2913 1300 2964 991.

356 2994 390 3046 94
426 2992 548 3046 cornilio.
566 2990 602 3044 ad
620 2990 735 3045 Herenn.
753 3009 779 3062 p.
797 2988 856 3045 991.
876 2990 982 3064 Duplex
1006 2994 1061 3047 linc
1085 2995 1229 3064 appellatio
1248 2998 1327 3052 simul
1345 3017 1382 3054 ex

284 3081 345 3151 ipsa
373 3079 544 3132 Anaximenis
572 3077 725 3130 definitione
744 3095 766 3130 o.
784 3078 818 3129 19
835 3078 890 3130 init.
908 3089 934 3131 et
954 3080 1050 3141 exiis,
1069 3098 1127 3150 qun
1146 3082 1245 3150 pluries
1266 3085 1292 3136 in
1308 3085 1381 3141 libro

285 3166 320 3218 tle
338 3165 534 3234 enthymemate
553 3161 683 3224 dicuntur.
702 3162 823 3215 efficitur.
857 3162 897 3215 (¹l·
916 3181 942 3233 p·
962 3165 1021 3226 991,
1031 3165 1054 3216 8.
1068 3163 1108 3216 93.
1127 3167 1187 3228 931,
1206 3167 1247 3219 91.
1264 3168 1325 3232 931,
1340 3173 1382 3225 11.

282 3247 326 3300 Ex
336 3247 546 3317 repugnantibus
557 3246 723 3298 sententiosa
734 3246 871 3298 conclusio
891 3248 924 3299 ab
943 3248 1107 3302 Anaximene
1125 3250 1282 3324 plerumque
1300 3251 1383 3309 ἔνθα·

284 3327 458 3400 ,inparatus
473 3325 582 3397 τελευτή
604 3339 715 3384 vocatur
733 3329 766 3382 ol.
792 3332 879 3385 Anax.
896 3330 956 3396 991,
974 3331 999 3386 8.
1017 3333 1050 3386 nl.
1076 3331 1202 3407 Spengel.
1229 3336 1381 3395 comment,

283 3435 311 3489 p.
329 3419 388 3472 169.

352 3503 386 3555 95
420 3503 507 3556 Anax.
526 3519 550 3554 c.
566 3501 607 3554 11.

351 3586 386 3640 96
421 3589 509 3642 Anax.
526 3605 549 3640 o.
567 3587 608 3639 19.
626 3585 667 3639 Cf.
684 3585 798 3657 Kayser.
816 3586 851 3640 ad
869 3586 968 3641 Cornil.
987 3607 1012 3659 p.
1030 3588 1082 3642 940
1104 3609 1145 3662 sq.

349 3675 385 3726 97
420 3673 507 3728 Anax.
525 3690 548 3725 o.
567 3671 609 3724 13.
626 3671 666 3725 (ll
685 3669 793 3737 Quintil.
811 3672 831 3725 1.
850 3672 883 3726 Ο.
901 3671 937 3737 V,
958 3674 999 3736 19,
1018 3676 1041 3726 7.

351 3757 385 3810 98
420 3758 564 3829 Perpersm
582 3758 698 3812 Usener.
715 3776 742 3829 p.
755 3758 788 3811 38
806 3759 920 3813 ''bonam
940 3761 1180 3814 existiutarionem''
1197 3761 1270 3817 dixit.
1288 3766 1378 3824 Anax.

280 3861 302 3898 n
326 3844 363 3907 ll,
385 3861 414 3912 p·
433 3843 491 3905 201,
517 3844 549 3896 19
573 3863 613 3916 sq.
636 3844 669 3896 τὸ
698 3846 749 3912 τὴν
777 3839 860 3898 αὑτοῦ
887 3841 1014 3899 διάνοιαν
1035 3843 1198 3915 ἐμφανίζειν
1223 3851 1292 3902 κατὰ
1320 3850 1380 3904 τῶν

278 3926 459 4002 πραγμάτων.

350 4015 384 4066 99
419 4017 507 4066 Anax.
525 4029 547 4064 c.
567 4012 609 4063 15.

349 4101 384 4155 30
418 4102 547 4153 Auerno
567 4097 608 4149 16.

350 4185 381 4238 31
418 4186 504 4242 Anax.
522 4200 546 4241 e.
567 4183 605 4234 17.
