<?xml version="1.0" encoding="UTF-8"?>
<!DOCTYPE html PUBLIC "-//W3C//DTD XHTML 1.0 Transitional//EN"
    "http://www.w3.org/TR/xhtml1/DTD/xhtml1-transitional.dtd">
<html xmlns="http://www.w3.org/1999/xhtml" xml:lang="en" lang="en">
 <head>
  <title>
</title>
<meta http-equiv="Content-Type" content="text/html;charset=utf-8" />
  <meta name='ocr-system' content='tesseract 3.04.00' />
  <meta name='ocr-capabilities' content='ocr_page ocr_carea ocr_par ocr_line ocrx_word'/>
</head>
<body>
  <div class='ocr_page' id='page_1' title='image "./dererumdisposit00lindgoog_0075.png"; bbox 0 0 2940 5026; ppageno 0'>
   <div class='ocr_carea' id='block_1_1' title="bbox 324 412 366 476">
    <p class='ocr_par' dir='ltr' id='par_1_1' title="bbox 324 412 366 476">
     <span class='ocr_line' id='line_1_1' title="bbox 324 412 366 476; baseline -0.071 0"><span class='ocrx_word' id='word_1_1' title='bbox 324 412 366 476; x_wconf 80' lang='lat' dir='ltr'><strong>tt</strong></span> 
     </span>
    </p>
   </div>
   <div class='ocr_carea' id='block_1_2' title="bbox 282 579 1379 2794">
    <p class='ocr_par' dir='ltr' id='par_1_2' title="bbox 325 579 1223 668">
     <span class='ocr_line' id='line_1_2' title="bbox 325 579 1223 668; baseline -0.003 -21"><span class='ocrx_word' id='word_1_2' title='bbox 325 583 359 668; x_wconf 85' lang='lat' dir='ltr'><strong>o)</strong></span> <span class='ocrx_word' id='word_1_3' title='bbox 382 590 497 647; x_wconf 83' lang='lat' dir='ltr'><strong>contra</strong></span> <span class='ocrx_word' id='word_1_4' title='bbox 519 579 624 666; x_wconf 82' lang='lat' dir='ltr'><strong>legem</strong></span> <span class='ocrx_word' id='word_1_5' title='bbox 647 602 697 644; x_wconf 88' lang='lat' dir='ltr'><strong>mc</strong></span> <span class='ocrx_word' id='word_1_6' title='bbox 721 579 864 644; x_wconf 83' lang='lat' dir='ltr'><strong>deletum</strong></span> <span class='ocrx_word' id='word_1_7' title='bbox 889 602 963 645; x_wconf 81' lang='lat' dir='ltr'><strong>esse</strong></span> <span class='ocrx_word' id='word_1_8' title='bbox 987 579 1223 652; x_wconf 80' lang='lat' dir='ltr'><strong>demonstrem,</strong></span> 
     </span>
    </p>

    <p class='ocr_par' dir='ltr' id='par_1_3' title="bbox 323 681 1254 770">
     <span class='ocr_line' id='line_1_3' title="bbox 323 681 1254 770; baseline -0.004 -22"><span class='ocrx_word' id='word_1_9' title='bbox 323 685 356 770; x_wconf 84' lang='lat' dir='ltr'><strong>d)</strong></span> <span class='ocrx_word' id='word_1_10' title='bbox 379 699 436 746; x_wconf 84' lang='lat' dir='ltr'><strong>aut</strong></span> <span class='ocrx_word' id='word_1_11' title='bbox 459 682 648 767; x_wconf 77' lang='lat' dir='ltr'><strong>psephisma</strong></span> <span class='ocrx_word' id='word_1_12' title='bbox 670 682 847 745; x_wconf 85' lang='lat' dir='ltr'><strong>lsotimidis</strong></span> <span class='ocrx_word' id='word_1_13' title='bbox 871 682 995 746; x_wconf 84' lang='lat' dir='ltr'><strong>irritum</strong></span> <span class='ocrx_word' id='word_1_14' title='bbox 1019 681 1140 746; x_wconf 83' lang='lat' dir='ltr'><strong>fectum</strong></span> <span class='ocrx_word' id='word_1_15' title='bbox 1163 703 1254 756; x_wconf 81' lang='lat' dir='ltr'><strong>osse,</strong></span> 
     </span>
    </p>

    <p class='ocr_par' dir='ltr' id='par_1_4' title="bbox 324 781 1378 1070">
     <span class='ocr_line' id='line_1_4' title="bbox 324 781 1377 872; baseline -0.003 -24"><span class='ocrx_word' id='word_1_16' title='bbox 324 786 353 872; x_wconf 86' lang='lat' dir='ltr'><strong>c)</strong></span> <span class='ocrx_word' id='word_1_17' title='bbox 376 799 432 848; x_wconf 80' lang='lat' dir='ltr'><strong>aut</strong></span> <span class='ocrx_word' id='word_1_18' title='bbox 466 783 507 847; x_wconf 87' lang='lat' dir='ltr'><strong>de</strong></span> <span class='ocrx_word' id='word_1_19' title='bbox 537 785 664 868; x_wconf 80' lang='lat' dir='ltr'><strong>legibus</strong></span> <span class='ocrx_word' id='word_1_20' title='bbox 690 783 765 846; x_wconf 83' lang='lat' dir='ltr'><strong>latis</strong></span> <span class='ocrx_word' id='word_1_21' title='bbox 788 794 820 846; x_wconf 81' lang='lat' dir='ltr'><strong>et</strong></span> <span class='ocrx_word' id='word_1_22' title='bbox 843 783 1038 867; x_wconf 83' lang='lat' dir='ltr'><strong>juramentis</strong></span> <span class='ocrx_word' id='word_1_23' title='bbox 1062 782 1157 847; x_wconf 84' lang='lat' dir='ltr'><strong>factis</strong></span> <span class='ocrx_word' id='word_1_24' title='bbox 1181 781 1301 856; x_wconf 81' lang='lat' dir='ltr'><strong>dicam,</strong></span> <span class='ocrx_word' id='word_1_25' title='bbox 1330 803 1377 845; x_wconf 81' lang='lat' dir='ltr'><strong>an</strong></span> 
     </span>
     <span class='ocr_line' id='line_1_5' title="bbox 347 883 1378 969; baseline -0.004 -19"><span class='ocrx_word' id='word_1_26' title='bbox 347 888 388 950; x_wconf 85' lang='lat' dir='ltr'><strong>ab</strong></span> <span class='ocrx_word' id='word_1_27' title='bbox 412 886 511 956; x_wconf 81' lang='lat' dir='ltr'><strong>initio,</strong></span> <span class='ocrx_word' id='word_1_28' title='bbox 536 906 609 968; x_wconf 84' lang='lat' dir='ltr'><strong>quae</strong></span> <span class='ocrx_word' id='word_1_29' title='bbox 633 884 718 948; x_wconf 83' lang='lat' dir='ltr'><strong>lacta</strong></span> <span class='ocrx_word' id='word_1_30' title='bbox 742 885 815 953; x_wconf 82' lang='lat' dir='ltr'><strong>sint.</strong></span> <span class='ocrx_word' id='word_1_31' title='bbox 839 907 1008 967; x_wconf 79' lang='lat' dir='ltr'>exponam.</span> <span class='ocrx_word' id='word_1_32' title='bbox 1032 884 1205 969; x_wconf 72' lang='grc' dir='ltr'><em>πρόθεσις.</em></span> <span class='ocrx_word' id='word_1_33' title='bbox 1229 883 1246 968; x_wconf 63' lang='grc' dir='ltr'><strong>ἓ</strong></span> <span class='ocrx_word' id='word_1_34' title='bbox 1269 884 1289 949; x_wconf 91' lang='grc'>8</span> <span class='ocrx_word' id='word_1_35' title='bbox 1311 883 1378 950; x_wconf 87' lang='lat' dir='ltr'><strong>init.</strong></span> 
     </span>
     <span class='ocr_line' id='line_1_6' title="bbox 347 984 979 1070; baseline -0.003 -19"><span class='ocrx_word' id='word_1_36' title='bbox 347 1023 385 1036; x_wconf 89' lang='lat'><strong>—-</strong></span> <span class='ocrx_word' id='word_1_37' title='bbox 403 985 461 1051; x_wconf 78' lang='grc' dir='ltr'><strong><em>ἐπὶ</em></strong></span> <span class='ocrx_word' id='word_1_38' title='bbox 483 984 520 1048; x_wconf 76' lang='grc' dir='ltr'><strong>τὸ</strong></span> <span class='ocrx_word' id='word_1_39' title='bbox 543 990 731 1070; x_wconf 81' lang='grc' dir='ltr'><strong><em>προσέχειν.</em></strong></span> <span class='ocrx_word' id='word_1_40' title='bbox 755 986 772 1069; x_wconf 66' lang='grc' dir='ltr'><strong>ξ</strong></span> <span class='ocrx_word' id='word_1_41' title='bbox 795 986 928 1050; x_wconf 80' lang='lat'><strong>8-9⁵⁵.</strong></span> <span class='ocrx_word' id='word_1_42' title='bbox 943 1025 979 1036; x_wconf 92' lang='lat'>-</span> 
     </span>
    </p>

    <p class='ocr_par' dir='ltr' id='par_1_5' title="bbox 323 1084 1256 1174">
     <span class='ocr_line' id='line_1_7' title="bbox 323 1084 1256 1174; baseline -0.004 -22"><span class='ocrx_word' id='word_1_43' title='bbox 323 1090 408 1153; x_wconf 80' lang='grc' dir='ltr'><strong><em>σῶν</em></strong></span> <span class='ocrx_word' id='word_1_44' title='bbox 430 1090 854 1174; x_wconf 78' lang='grc' dir='ltr'><em>κατηγορουμένων</em></span> <span class='ocrx_word' id='word_1_45' title='bbox 881 1084 1070 1170; x_wconf 55' lang='grc' dir='ltr'><strong><em>λύσιςς</em></strong></span> <span class='ocrx_word' id='word_1_46' title='bbox 1101 1085 1256 1151; x_wconf 79' lang='grc'><strong>10-139,</strong></span> 
     </span>
    </p>

    <p class='ocr_par' dir='ltr' id='par_1_6' title="bbox 282 1189 1379 2794">
     <span class='ocr_line' id='line_1_8' title="bbox 282 1189 794 1274; baseline -0.002 -22"><span class='ocrx_word' id='word_1_47' title='bbox 282 1189 304 1253; x_wconf 92' lang='lat' dir='ltr'><strong>l.</strong></span> <span class='ocrx_word' id='word_1_48' title='bbox 349 1190 399 1254; x_wconf 85' lang='lat' dir='ltr'><strong>Do</strong></span> <span class='ocrx_word' id='word_1_49' title='bbox 423 1190 595 1274; x_wconf 83' lang='lat' dir='ltr'>mysteriis.</span> <span class='ocrx_word' id='word_1_50' title='bbox 620 1195 636 1266; x_wconf 69' lang='lat' dir='ltr'>S</span> <span class='ocrx_word' id='word_1_51' title='bbox 663 1189 794 1253; x_wconf 83' lang='lat'>10-33.</span> 
     </span>
     <span class='ocr_line' id='line_1_9' title="bbox 346 1288 1005 1375; baseline -0.003 -21"><span class='ocrx_word' id='word_1_52' title='bbox 346 1289 520 1375; x_wconf 79' lang='grc' dir='ltr'><strong><em>πρόθεσις.</em></strong></span> <span class='ocrx_word' id='word_1_53' title='bbox 544 1289 564 1373; x_wconf 76' lang='lat'>§</span> <span class='ocrx_word' id='word_1_54' title='bbox 592 1291 637 1354; x_wconf 84' lang='lat'><strong>10.</strong></span> <span class='ocrx_word' id='word_1_55' title='bbox 662 1288 709 1354; x_wconf 81' lang='lat' dir='ltr'><strong>Cf.</strong></span> <span class='ocrx_word' id='word_1_56' title='bbox 733 1290 836 1354; x_wconf 81' lang='lat' dir='ltr'><strong>Anax.</strong></span> <span class='ocrx_word' id='word_1_57' title='bbox 861 1289 932 1363; x_wconf 78' lang='lat'><strong>233,</strong></span> <span class='ocrx_word' id='word_1_58' title='bbox 955 1289 1005 1353; x_wconf 88' lang='grc'><strong>27.</strong></span> 
     </span>
     <span class='ocr_line' id='line_1_10' title="bbox 345 1387 781 1474; baseline -0.007 -18"><span class='ocrx_word' id='word_1_59' title='bbox 345 1387 581 1472; x_wconf 77' lang='grc' dir='ltr'><strong><em>ἀπαγγελία.</em></strong></span> <span class='ocrx_word' id='word_1_60' title='bbox 605 1391 623 1474; x_wconf 63' lang='grc' dir='ltr'><strong>ἕ</strong></span> <span class='ocrx_word' id='word_1_61' title='bbox 651 1392 781 1454; x_wconf 80' lang='grc'><strong>11-18.</strong></span> 
     </span>
     <span class='ocr_line' id='line_1_11' title="bbox 345 1491 1379 1577; baseline 0 -23"><span class='ocrx_word' id='word_1_62' title='bbox 345 1492 417 1556; x_wconf 70' lang='grc' dir='ltr'><strong>θυαε</strong></span> <span class='ocrx_word' id='word_1_63' title='bbox 441 1494 571 1555; x_wconf 80' lang='lat' dir='ltr'><strong>comitia</strong></span> <span class='ocrx_word' id='word_1_64' title='bbox 594 1502 687 1555; x_wconf 83' lang='lat' dir='ltr'><strong>erant</strong></span> <span class='ocrx_word' id='word_1_65' title='bbox 710 1493 848 1555; x_wconf 88' lang='lat' dir='ltr'><strong>ducibus</strong></span> <span class='ocrx_word' id='word_1_66' title='bbox 873 1493 914 1556; x_wconf 82' lang='lat' dir='ltr'><strong>ud</strong></span> <span class='ocrx_word' id='word_1_67' title='bbox 939 1492 1059 1556; x_wconf 87' lang='lat' dir='ltr'><strong>bellum</strong></span> <span class='ocrx_word' id='word_1_68' title='bbox 1081 1492 1113 1555; x_wconf 92' lang='lat' dir='ltr'><strong>in</strong></span> <span class='ocrx_word' id='word_1_69' title='bbox 1138 1491 1248 1556; x_wconf 76' lang='lat' dir='ltr'><strong>Sicilia</strong></span> <span class='ocrx_word' id='word_1_70' title='bbox 1263 1512 1379 1577; x_wconf 83' lang='lat' dir='ltr'><strong>geren·</strong></span> 
     </span>
     <span class='ocr_line' id='line_1_12' title="bbox 346 1592 1378 1678; baseline -0.002 -20"><span class='ocrx_word' id='word_1_71' title='bbox 346 1595 423 1659; x_wconf 91' lang='lat' dir='ltr'><strong>dum</strong></span> <span class='ocrx_word' id='word_1_72' title='bbox 455 1593 622 1658; x_wconf 80' lang='lat' dir='ltr'><strong>mittendis</strong></span> <span class='ocrx_word' id='word_1_73' title='bbox 650 1593 768 1667; x_wconf 81' lang='lat' dir='ltr'><strong>Niciae,</strong></span> <span class='ocrx_word' id='word_1_74' title='bbox 795 1593 974 1666; x_wconf 83' lang='lat' dir='ltr'>Lamacho,</span> <span class='ocrx_word' id='word_1_75' title='bbox 998 1593 1168 1666; x_wconf 79' lang='lat' dir='ltr'><strong>Alcibiadi,</strong></span> <span class='ocrx_word' id='word_1_76' title='bbox 1186 1593 1321 1678; x_wconf 82' lang='lat' dir='ltr'><strong>jamque</strong></span> <span class='ocrx_word' id='word_1_77' title='bbox 1344 1592 1378 1658; x_wconf 91' lang='lat' dir='ltr'><strong>in</strong></span> 
     </span>
     <span class='ocr_line' id='line_1_13' title="bbox 344 1693 1378 1779; baseline -0.004 -18"><span class='ocrx_word' id='word_1_78' title='bbox 344 1718 466 1761; x_wconf 81' lang='lat' dir='ltr'><strong>ancora</strong></span> <span class='ocrx_word' id='word_1_79' title='bbox 490 1706 582 1758; x_wconf 83' lang='lat' dir='ltr'><strong>extra</strong></span> <span class='ocrx_word' id='word_1_80' title='bbox 606 1706 737 1779; x_wconf 86' lang='lat' dir='ltr'><strong>portum</strong></span> <span class='ocrx_word' id='word_1_81' title='bbox 760 1696 954 1759; x_wconf 80' lang='lat' dir='ltr'><strong>constiterat</strong></span> <span class='ocrx_word' id='word_1_82' title='bbox 977 1695 1069 1758; x_wconf 82' lang='lat' dir='ltr'><strong>navis</strong></span> <span class='ocrx_word' id='word_1_83' title='bbox 1093 1693 1263 1770; x_wconf 85' lang='lat' dir='ltr'><strong>Lamaohi,</strong></span> <span class='ocrx_word' id='word_1_84' title='bbox 1277 1715 1378 1778; x_wconf 77' lang='lat' dir='ltr'><strong>quum</strong></span> 
     </span>
     <span class='ocr_line' id='line_1_14' title="bbox 301 1795 1379 1885; baseline -0.003 -21"><span class='ocrx_word' id='word_1_85' title='bbox 301 1860 303 1865; x_wconf 27' lang='lat' dir='ltr'>s</span> <span class='ocrx_word' id='word_1_86' title='bbox 347 1799 553 1885; x_wconf 85' lang='lat' dir='ltr'><strong>Pythonicus</strong></span> <span class='ocrx_word' id='word_1_87' title='bbox 578 1796 618 1859; x_wconf 87' lang='lat' dir='ltr'><strong>ad</strong></span> <span class='ocrx_word' id='word_1_88' title='bbox 643 1797 802 1881; x_wconf 90' lang='lat' dir='ltr'><strong>populum</strong></span> <span class='ocrx_word' id='word_1_89' title='bbox 827 1795 949 1869; x_wconf 84' lang='lat' dir='ltr'><strong>defert,</strong></span> <span class='ocrx_word' id='word_1_90' title='bbox 973 1797 1014 1859; x_wconf 84' lang='lat' dir='ltr'><strong>eb</strong></span> <span class='ocrx_word' id='word_1_91' title='bbox 1038 1796 1208 1861; x_wconf 81' lang='lat' dir='ltr'><strong>Alcibiade</strong></span> <span class='ocrx_word' id='word_1_92' title='bbox 1229 1797 1262 1861; x_wconf 90' lang='lat' dir='ltr'><strong>in</strong></span> <span class='ocrx_word' id='word_1_93' title='bbox 1278 1795 1379 1861; x_wconf 90' lang='lat' dir='ltr'><strong>domo</strong></span> 
     </span>
     <span class='ocr_line' id='line_1_15' title="bbox 346 1896 1377 1985; baseline 0 -23"><span class='ocrx_word' id='word_1_94' title='bbox 346 1900 486 1985; x_wconf 83' lang='lat' dir='ltr'><strong>quadam</strong></span> <span class='ocrx_word' id='word_1_95' title='bbox 509 1898 665 1984; x_wconf 84' lang='lat' dir='ltr'><strong>mysteria</strong></span> <span class='ocrx_word' id='word_1_96' title='bbox 689 1896 773 1963; x_wconf 83' lang='lat' dir='ltr'><strong>lacta</strong></span> <span class='ocrx_word' id='word_1_97' title='bbox 798 1919 881 1961; x_wconf 85' lang='lat' dir='ltr'><strong>esse.</strong></span> <span class='ocrx_word' id='word_1_98' title='bbox 926 1896 1000 1976; x_wconf 81' lang='lat' dir='ltr'><strong>Qua</strong></span> <span class='ocrx_word' id='word_1_99' title='bbox 1024 1897 1065 1961; x_wconf 83' lang='lat' dir='ltr'><strong>de</strong></span> <span class='ocrx_word' id='word_1_100' title='bbox 1084 1919 1119 1961; x_wconf 89' lang='lat' dir='ltr'><strong>re</strong></span> <span class='ocrx_word' id='word_1_101' title='bbox 1135 1898 1175 1961; x_wconf 86' lang='lat' dir='ltr'><strong>ab</strong></span> <span class='ocrx_word' id='word_1_102' title='bbox 1192 1897 1377 1963; x_wconf 84' lang='lat' dir='ltr'><strong>Androma-</strong></span> 
     </span>
     <span class='ocr_line' id='line_1_16' title="bbox 345 1998 1377 2085; baseline -0.004 -20"><span class='ocrx_word' id='word_1_103' title='bbox 345 2001 425 2074; x_wconf 90' lang='lat' dir='ltr'><strong>ch0,</strong></span> <span class='ocrx_word' id='word_1_104' title='bbox 447 2000 569 2064; x_wconf 85' lang='lat' dir='ltr'><strong>famulo</strong></span> <span class='ocrx_word' id='word_1_105' title='bbox 593 1999 812 2073; x_wconf 85' lang='lat' dir='ltr'><strong>Polemarcbi,</strong></span> <span class='ocrx_word' id='word_1_106' title='bbox 836 2000 956 2063; x_wconf 85' lang='lat' dir='ltr'><strong>certius</strong></span> <span class='ocrx_word' id='word_1_107' title='bbox 980 1999 1103 2085; x_wconf 82' lang='lat' dir='ltr'><strong>aliquid</strong></span> <span class='ocrx_word' id='word_1_108' title='bbox 1116 1998 1251 2062; x_wconf 86' lang='lat' dir='ltr'><strong>iudicari</strong></span> <span class='ocrx_word' id='word_1_109' title='bbox 1264 2019 1377 2082; x_wconf 81' lang='lat' dir='ltr'><strong>posse.</strong></span> 
     </span>
     <span class='ocr_line' id='line_1_17' title="bbox 345 2099 1378 2187; baseline 0 -20"><span class='ocrx_word' id='word_1_110' title='bbox 345 2104 487 2167; x_wconf 89' lang='lat' dir='ltr'><strong>Primum</strong></span> <span class='ocrx_word' id='word_1_111' title='bbox 512 2102 577 2165; x_wconf 91' lang='lat' dir='ltr'><strong>hoc</strong></span> <span class='ocrx_word' id='word_1_112' title='bbox 599 2100 661 2165; x_wconf 87' lang='lat' dir='ltr'><strong>fuit</strong></span> <span class='ocrx_word' id='word_1_113' title='bbox 683 2101 844 2166; x_wconf 87' lang='lat' dir='ltr'><strong>iudicium.</strong></span> <span class='ocrx_word' id='word_1_114' title='bbox 867 2102 1029 2187; x_wconf 87' lang='grc' dir='ltr'><strong><em>μαρτυρία</em></strong></span> <span class='ocrx_word' id='word_1_115' title='bbox 1042 2099 1378 2186; x_wconf 77' lang='lat' dir='ltr'><strong>Diogneti,quaesito·</strong></span> 
     </span>
     <span class='ocr_line' id='line_1_18' title="bbox 346 2202 792 2287; baseline -0.002 -20"><span class='ocrx_word' id='word_1_116' title='bbox 346 2205 391 2267; x_wconf 87' lang='lat' dir='ltr'><strong>ris</strong></span> <span class='ocrx_word' id='word_1_117' title='bbox 415 2204 590 2267; x_wconf 84' lang='lat' dir='ltr'><strong>criminum.</strong></span> <span class='ocrx_word' id='word_1_118' title='bbox 615 2202 633 2287; x_wconf 66' lang='lat'><strong>5</strong></span> <span class='ocrx_word' id='word_1_119' title='bbox 661 2204 792 2266; x_wconf 83' lang='lat'>11-14.</span> 
     </span>
     <span class='ocr_line' id='line_1_19' title="bbox 345 2299 1378 2385; baseline -0.002 -15"><span class='ocrx_word' id='word_1_120' title='bbox 345 2305 493 2372; x_wconf 78' lang='lat' dir='ltr'><strong>Alterum</strong></span> <span class='ocrx_word' id='word_1_121' title='bbox 516 2303 669 2366; x_wconf 89' lang='lat' dir='ltr'><strong>indicium</strong></span> <span class='ocrx_word' id='word_1_122' title='bbox 693 2322 711 2363; x_wconf 84' lang='grc' dir='ltr'><strong><em>υ</em></strong></span> <span class='ocrx_word' id='word_1_123' title='bbox 735 2301 866 2364; x_wconf 81' lang='lat' dir='ltr'><strong>Teucro</strong></span> <span class='ocrx_word' id='word_1_124' title='bbox 889 2300 1046 2385; x_wconf 91' lang='lat' dir='ltr'><strong>inquilino</strong></span> <span class='ocrx_word' id='word_1_125' title='bbox 1069 2299 1191 2366; x_wconf 84' lang='lat' dir='ltr'><strong>factum</strong></span> <span class='ocrx_word' id='word_1_126' title='bbox 1214 2302 1378 2385; x_wconf 77' lang='lat' dir='ltr'><strong>est.§15.</strong></span> 
     </span>
     <span class='ocr_line' id='line_1_20' title="bbox 344 2399 1378 2487; baseline 0 -20"><span class='ocrx_word' id='word_1_127' title='bbox 344 2403 493 2467; x_wconf 86' lang='lat' dir='ltr'><strong>Tertium</strong></span> <span class='ocrx_word' id='word_1_128' title='bbox 516 2403 557 2467; x_wconf 84' lang='lat' dir='ltr'><strong>ab</strong></span> <span class='ocrx_word' id='word_1_129' title='bbox 576 2405 741 2487; x_wconf 84' lang='lat' dir='ltr'><strong>Agariste‚</strong></span> <span class='ocrx_word' id='word_1_130' title='bbox 764 2423 868 2464; x_wconf 84' lang='lat' dir='ltr'><strong>uxore</strong></span> <span class='ocrx_word' id='word_1_131' title='bbox 882 2399 1130 2478; x_wconf 81' lang='lat' dir='ltr'><strong>Alomaeonidis,</strong></span> <span class='ocrx_word' id='word_1_132' title='bbox 1153 2402 1378 2487; x_wconf 77' lang='lat' dir='ltr'><strong>factum.§16.</strong></span> 
     </span>
     <span class='ocr_line' id='line_1_21' title="bbox 345 2501 1378 2590; baseline 0 -21"><span class='ocrx_word' id='word_1_133' title='bbox 345 2505 503 2586; x_wconf 81' lang='lat' dir='ltr'><strong>Quartum</strong></span> <span class='ocrx_word' id='word_1_134' title='bbox 528 2527 586 2590; x_wconf 87' lang='lat' dir='ltr'><strong>per</strong></span> <span class='ocrx_word' id='word_1_135' title='bbox 609 2503 752 2590; x_wconf 84' lang='lat' dir='ltr'><strong>Lydum,</strong></span> <span class='ocrx_word' id='word_1_136' title='bbox 776 2501 944 2566; x_wconf 85' lang='lat' dir='ltr'><strong>Phereclis</strong></span> <span class='ocrx_word' id='word_1_137' title='bbox 967 2502 1214 2569; x_wconf 81' lang='lat' dir='ltr'><strong>Themecicnsis</strong></span> <span class='ocrx_word' id='word_1_138' title='bbox 1237 2527 1378 2569; x_wconf 84' lang='lat' dir='ltr'><strong>servum.</strong></span> 
     </span>
     <span class='ocr_line' id='line_1_22' title="bbox 342 2607 711 2692; baseline -0.011 -21"><span class='ocrx_word' id='word_1_139' title='bbox 342 2609 513 2692; x_wconf 88' lang='grc' dir='ltr'><strong><em>μαρτυρία.</em></strong></span> <span class='ocrx_word' id='word_1_140' title='bbox 536 2609 553 2691; x_wconf 66' lang='lat'><strong>5</strong></span> <span class='ocrx_word' id='word_1_141' title='bbox 581 2607 711 2671; x_wconf 82' lang='grc'><strong><em>17-18.</em></strong></span> 
     </span>
     <span class='ocr_line' id='line_1_23' title="bbox 346 2703 1377 2794; baseline 0.001 -23"><span class='ocrx_word' id='word_1_142' title='bbox 346 2707 425 2771; x_wconf 85' lang='lat' dir='ltr'><strong>llaec</strong></span> <span class='ocrx_word' id='word_1_143' title='bbox 447 2708 605 2781; x_wconf 82' lang='lat' dir='ltr'><strong>narrati0,</strong></span> <span class='ocrx_word' id='word_1_144' title='bbox 635 2708 744 2791; x_wconf 88' lang='lat' dir='ltr'><strong>siper</strong></span> <span class='ocrx_word' id='word_1_145' title='bbox 768 2725 804 2766; x_wconf 86' lang='lat' dir='ltr'><strong>se</strong></span> <span class='ocrx_word' id='word_1_146' title='bbox 830 2703 1029 2787; x_wconf 78' lang='lat' dir='ltr'><strong>intelligitur,</strong></span> <span class='ocrx_word' id='word_1_147' title='bbox 1054 2727 1094 2768; x_wconf 88' lang='lat' dir='ltr'><strong>ex</strong></span> <span class='ocrx_word' id='word_1_148' title='bbox 1118 2707 1234 2771; x_wconf 87' lang='lat' dir='ltr'><strong>eodem</strong></span> <span class='ocrx_word' id='word_1_149' title='bbox 1257 2729 1377 2794; x_wconf 84' lang='lat' dir='ltr'><strong>genero</strong></span> 
     </span>
    </p>
   </div>
   <div class='ocr_carea' id='block_1_3' title="bbox 275 2851 1376 4205">
    <p class='ocr_par' dir='ltr' id='par_1_7' title="bbox 275 2851 1376 4205">
     <span class='ocr_line' id='line_1_24' title="bbox 349 2851 1376 2929; baseline 0.004 -18"><span class='ocrx_word' id='word_1_150' title='bbox 349 2860 382 2912; x_wconf 73' lang='lat'><strong>55</strong></span> <span class='ocrx_word' id='word_1_151' title='bbox 419 2859 432 2927; x_wconf 80' lang='lat'>§</span> <span class='ocrx_word' id='word_1_152' title='bbox 452 2859 468 2909; x_wconf 80' lang='lat' dir='ltr'><strong>t</strong></span> <span class='ocrx_word' id='word_1_153' title='bbox 486 2860 521 2909; x_wconf 84' lang='grc' dir='ltr'><strong>τά</strong></span> <span class='ocrx_word' id='word_1_154' title='bbox 537 2857 588 2926; x_wconf 77' lang='grc' dir='ltr'><strong>μὲν</strong></span> <span class='ocrx_word' id='word_1_155' title='bbox 606 2851 653 2912; x_wconf 77' lang='grc' dir='ltr'><strong><em>σόν</em></strong></span> <span class='ocrx_word' id='word_1_156' title='bbox 671 2855 764 2910; x_wconf 76' lang='grc' dir='ltr'><strong><em>δίκαια</em></strong></span> <span class='ocrx_word' id='word_1_157' title='bbox 776 2853 918 2928; x_wconf 84' lang='grc' dir='ltr'><strong><em>γινώσκειν</em></strong></span> <span class='ocrx_word' id='word_1_158' title='bbox 943 2852 1013 2923; x_wconf 61' lang='lat' dir='ltr'><strong>{spois</strong></span> <span class='ocrx_word' id='word_1_159' title='bbox 1030 2853 1158 2926; x_wconf 78' lang='grc' dir='ltr'><strong>ἡγυόμαι,</strong></span> <span class='ocrx_word' id='word_1_160' title='bbox 1182 2864 1238 2911; x_wconf 74' lang='grc' dir='ltr'><strong>καὶ</strong></span> <span class='ocrx_word' id='word_1_161' title='bbox 1255 2855 1376 2929; x_wconf 67' lang='grc' dir='ltr'><strong><em>λόγους</em></strong></span> 
     </span>
     <span class='ocr_line' id='line_1_25' title="bbox 277 2937 1373 3016; baseline 0 -20"><span class='ocrx_word' id='word_1_162' title='bbox 277 2940 579 3015; x_wconf 75' lang='grc' dir='ltr'><strong><em>παρεσκευάσθαι,</em></strong></span> <span class='ocrx_word' id='word_1_163' title='bbox 600 2939 695 3014; x_wconf 70' lang='grc' dir='ltr'><strong><em>οἷσπερ</em></strong></span> <span class='ocrx_word' id='word_1_164' title='bbox 718 2941 770 3015; x_wconf 77' lang='grc' dir='ltr'><strong>ἐγώ</strong></span> <span class='ocrx_word' id='word_1_165' title='bbox 789 2940 936 2994; x_wconf 71' lang='grc' dir='ltr'><strong><em>πιστεύσας</em></strong></span> <span class='ocrx_word' id='word_1_166' title='bbox 959 2937 1107 3009; x_wconf 79' lang='grc' dir='ltr'><strong><em>ιἰπέμεινα,</em></strong></span> <span class='ocrx_word' id='word_1_167' title='bbox 1129 2940 1205 3016; x_wconf 84' lang='grc' dir='ltr'><strong><em>άρών</em></strong></span> <span class='ocrx_word' id='word_1_168' title='bbox 1227 2942 1297 3012; x_wconf 80' lang='grc' dir='ltr'><strong><em>ιἰμόι</em></strong></span> <span class='ocrx_word' id='word_1_169' title='bbox 1316 2940 1373 2996; x_wconf 73' lang='grc' dir='ltr'><strong><em>κτλ.</em></strong></span> 
     </span>
     <span class='ocr_line' id='line_1_26' title="bbox 278 3028 1373 3102; baseline 0 -19"><span class='ocrx_word' id='word_1_170' title='bbox 278 3029 434 3100; x_wconf 71' lang='lat' dir='ltr'><strong>ingeniose,</strong></span> <span class='ocrx_word' id='word_1_171' title='bbox 463 3041 491 3081; x_wconf 86' lang='lat' dir='ltr'><strong>ut</strong></span> <span class='ocrx_word' id='word_1_172' title='bbox 517 3045 631 3096; x_wconf 84' lang='lat' dir='ltr'><strong>sernper,</strong></span> <span class='ocrx_word' id='word_1_173' title='bbox 659 3028 800 3099; x_wconf 72' lang='lat' dir='ltr'><strong>Emporius</strong></span> <span class='ocrx_word' id='word_1_174' title='bbox 829 3044 922 3096; x_wconf 87' lang='lat' dir='ltr'><strong>opusc.</strong></span> <span class='ocrx_word' id='word_1_175' title='bbox 952 3044 977 3096; x_wconf 91' lang='lat' dir='ltr'><strong>p.</strong></span> <span class='ocrx_word' id='word_1_176' title='bbox 997 3028 1048 3079; x_wconf 77' lang='lat'><strong>207</strong></span> <span class='ocrx_word' id='word_1_177' title='bbox 1066 3046 1107 3099; x_wconf 88' lang='lat' dir='ltr'><strong>sq.</strong></span> <span class='ocrx_word' id='word_1_178' title='bbox 1126 3030 1237 3091; x_wconf 79' lang='lat' dir='ltr'><strong>suadet,</strong></span> <span class='ocrx_word' id='word_1_179' title='bbox 1266 3040 1297 3083; x_wconf 85' lang='lat' dir='ltr'><strong>ut</strong></span> <span class='ocrx_word' id='word_1_180' title='bbox 1323 3049 1373 3102; x_wconf 84' lang='lat' dir='ltr'><strong>pro</strong></span> 
     </span>
     <span class='ocr_line' id='line_1_27' title="bbox 277 3109 1374 3186; baseline 0.002 -19"><span class='ocrx_word' id='word_1_181' title='bbox 277 3112 372 3185; x_wconf 73' lang='grc' dir='ltr'><strong><em>λόγους</em></strong></span> <span class='ocrx_word' id='word_1_182' title='bbox 391 3115 523 3168; x_wconf 78' lang='lat' dir='ltr'><strong>scribetur</strong></span> <span class='ocrx_word' id='word_1_183' title='bbox 540 3109 673 3167; x_wconf 79' lang='grc' dir='ltr'><strong>αὗτυόι.</strong></span> <span class='ocrx_word' id='word_1_184' title='bbox 710 3116 798 3185; x_wconf 84' lang='lat' dir='ltr'><strong>Atque</strong></span> <span class='ocrx_word' id='word_1_185' title='bbox 821 3113 873 3165; x_wconf 89' lang='lat' dir='ltr'><strong>hoc</strong></span> <span class='ocrx_word' id='word_1_186' title='bbox 900 3113 987 3182; x_wconf 89' lang='lat' dir='ltr'><strong>ipsum</strong></span> <span class='ocrx_word' id='word_1_187' title='bbox 1016 3113 1179 3167; x_wconf 84' lang='lat' dir='ltr'><strong>Turicenses</strong></span> <span class='ocrx_word' id='word_1_188' title='bbox 1206 3124 1374 3186; x_wconf 83' lang='lat' dir='ltr'><strong>receperunt.</strong></span> 
     </span>
     <span class='ocr_line' id='line_1_28' title="bbox 278 3194 1375 3271; baseline 0.003 -19"><span class='ocrx_word' id='word_1_189' title='bbox 278 3199 353 3264; x_wconf 80' lang='lat' dir='ltr'><strong>(llaec</strong></span> <span class='ocrx_word' id='word_1_190' title='bbox 373 3201 517 3271; x_wconf 81' lang='lat' dir='ltr'><strong>scripture:</strong></span> <span class='ocrx_word' id='word_1_191' title='bbox 535 3203 581 3251; x_wconf 77' lang='grc' dir='ltr'><strong>καὶ</strong></span> <span class='ocrx_word' id='word_1_192' title='bbox 599 3201 669 3264; x_wconf 75' lang='grc' dir='ltr'><strong><em>[μὴ]</em></strong></span> <span class='ocrx_word' id='word_1_193' title='bbox 686 3194 777 3268; x_wconf 80' lang='grc' dir='ltr'><strong><em>λόγου,</em></strong></span> <span class='ocrx_word' id='word_1_194' title='bbox 796 3198 851 3250; x_wconf 83' lang='lat' dir='ltr'><strong>sivo</strong></span> <span class='ocrx_word' id='word_1_195' title='bbox 871 3214 886 3250; x_wconf 83' lang='grc' dir='ltr'><strong><em>ε</em></strong></span> <span class='ocrx_word' id='word_1_196' title='bbox 905 3197 1035 3250; x_wconf 82' lang='lat' dir='ltr'><strong>Schillero</strong></span> <span class='ocrx_word' id='word_1_197' title='bbox 1055 3200 1111 3251; x_wconf 85' lang='lat' dir='ltr'><strong>sive</strong></span> <span class='ocrx_word' id='word_1_198' title='bbox 1130 3200 1163 3251; x_wconf 82' lang='lat' dir='ltr'><strong>ab</strong></span> <span class='ocrx_word' id='word_1_199' title='bbox 1176 3200 1227 3252; x_wconf 79' lang='lat' dir='ltr'><strong>ulio</strong></span> <span class='ocrx_word' id='word_1_200' title='bbox 1243 3201 1375 3271; x_wconf 80' lang='lat' dir='ltr'><strong>prosecta,</strong></span> 
     </span>
     <span class='ocr_line' id='line_1_29' title="bbox 278 3283 1375 3356; baseline 0.002 -20"><span class='ocrx_word' id='word_1_201' title='bbox 278 3284 424 3354; x_wconf 82' lang='lat' dir='ltr'><strong>probabilis</strong></span> <span class='ocrx_word' id='word_1_202' title='bbox 437 3302 491 3338; x_wconf 90' lang='lat' dir='ltr'><strong>nou</strong></span> <span class='ocrx_word' id='word_1_203' title='bbox 505 3289 565 3347; x_wconf 77' lang='lat' dir='ltr'><strong>cst).</strong></span> <span class='ocrx_word' id='word_1_204' title='bbox 603 3283 659 3335; x_wconf 85' lang='lat' dir='ltr'><strong>Sed</strong></span> <span class='ocrx_word' id='word_1_205' title='bbox 679 3301 718 3345; x_wconf 81' lang='lat' dir='ltr'><strong>ee,</strong></span> <span class='ocrx_word' id='word_1_206' title='bbox 737 3299 815 3354; x_wconf 77' lang='lat' dir='ltr'><strong>quum</strong></span> <span class='ocrx_word' id='word_1_207' title='bbox 829 3284 903 3335; x_wconf 81' lang='lat' dir='ltr'><strong>initio</strong></span> <span class='ocrx_word' id='word_1_208' title='bbox 917 3284 1004 3353; x_wconf 85' lang='lat' dir='ltr'><strong>posui,</strong></span> <span class='ocrx_word' id='word_1_209' title='bbox 1022 3285 1154 3356; x_wconf 80' lang='lat' dir='ltr'><strong>scriptura</strong></span> <span class='ocrx_word' id='word_1_210' title='bbox 1167 3285 1190 3336; x_wconf 86' lang='lat' dir='ltr'><strong>si</strong></span> <span class='ocrx_word' id='word_1_211' title='bbox 1204 3286 1244 3337; x_wconf 88' lang='lat' dir='ltr'><strong>eui</strong></span> <span class='ocrx_word' id='word_1_212' title='bbox 1264 3285 1375 3338; x_wconf 81' lang='lat' dir='ltr'><strong>delendi</strong></span> 
     </span>
     <span class='ocr_line' id='line_1_30' title="bbox 277 3367 1372 3442; baseline 0.004 -23"><span class='ocrx_word' id='word_1_213' title='bbox 277 3385 362 3440; x_wconf 74' lang='lat' dir='ltr'><strong>poseo</strong></span> <span class='ocrx_word' id='word_1_214' title='bbox 375 3368 487 3427; x_wconf 82' lang='lat' dir='ltr'><strong>videtur,</strong></span> <span class='ocrx_word' id='word_1_215' title='bbox 501 3370 540 3420; x_wconf 86' lang='lat' dir='ltr'><strong>sic</strong></span> <span class='ocrx_word' id='word_1_216' title='bbox 553 3367 607 3420; x_wconf 80' lang='lat' dir='ltr'><strong>sere</strong></span> <span class='ocrx_word' id='word_1_217' title='bbox 621 3368 746 3442; x_wconf 81' lang='lat' dir='ltr'><strong>explicari</strong></span> <span class='ocrx_word' id='word_1_218' title='bbox 760 3369 854 3421; x_wconf 82' lang='lat' dir='ltr'><strong>debet:</strong></span> <span class='ocrx_word' id='word_1_219' title='bbox 872 3368 933 3422; x_wconf 78' lang='lat' dir='ltr'><strong>”Eo</strong></span> <span class='ocrx_word' id='word_1_220' title='bbox 951 3370 1066 3439; x_wconf 79' lang='lat' dir='ltr'><strong>igitur,</strong></span> <span class='ocrx_word' id='word_1_221' title='bbox 1085 3387 1154 3441; x_wconf 83' lang='lat' dir='ltr'><strong>qure</strong></span> <span class='ocrx_word' id='word_1_222' title='bbox 1168 3369 1266 3439; x_wconf 79' lang='lat' dir='ltr'><strong>juste</strong></span> <span class='ocrx_word' id='word_1_223' title='bbox 1285 3379 1372 3434; x_wconf 82' lang='lat' dir='ltr'><strong>sunt,</strong></span> 
     </span>
     <span class='ocr_line' id='line_1_31' title="bbox 278 3453 1373 3526; baseline 0.004 -21"><span class='ocrx_word' id='word_1_224' title='bbox 278 3472 336 3505; x_wconf 85' lang='lat' dir='ltr'><strong>vos</strong></span> <span class='ocrx_word' id='word_1_225' title='bbox 357 3469 544 3526; x_wconf 77' lang='lat' dir='ltr'><strong>agnoscere</strong></span> <span class='ocrx_word' id='word_1_226' title='bbox 572 3453 730 3513; x_wconf 76' lang='lat' dir='ltr'><strong>arbitror,</strong></span> <span class='ocrx_word' id='word_1_227' title='bbox 760 3456 1000 3525; x_wconf 80' lang='lat' dir='ltr'><strong>orationesque</strong></span> <span class='ocrx_word' id='word_1_228' title='bbox 1027 3456 1373 3525; x_wconf 76' lang='lat' dir='ltr'><strong>(argumentationes-</strong></span> 
     </span>
     <span class='ocr_line' id='line_1_32' title="bbox 278 3540 1372 3611; baseline 0.001 -20"><span class='ocrx_word' id='word_1_229' title='bbox 278 3556 339 3611; x_wconf 85' lang='lat' dir='ltr'><strong>que</strong></span> <span class='ocrx_word' id='word_1_230' title='bbox 366 3540 396 3596; x_wconf 84' lang='lat' dir='ltr'><strong>lu</strong></span> <span class='ocrx_word' id='word_1_231' title='bbox 424 3557 471 3592; x_wconf 91' lang='lat' dir='ltr'><strong>me</strong></span> <span class='ocrx_word' id='word_1_232' title='bbox 497 3543 611 3602; x_wconf 75' lang='lat' dir='ltr'><strong>venus)</strong></span> <span class='ocrx_word' id='word_1_233' title='bbox 639 3550 847 3609; x_wconf 79' lang='lat' dir='ltr'><strong>praeparstas</strong></span> <span class='ocrx_word' id='word_1_234' title='bbox 876 3550 907 3593; x_wconf 86' lang='lat' dir='ltr'><strong>et</strong></span> <span class='ocrx_word' id='word_1_235' title='bbox 934 3541 1123 3592; x_wconf 78' lang='lat' dir='ltr'><strong>instructas</strong></span> <span class='ocrx_word' id='word_1_236' title='bbox 1142 3555 1231 3600; x_wconf 87' lang='lat' dir='ltr'><strong>esse,</strong></span> <span class='ocrx_word' id='word_1_237' title='bbox 1251 3540 1372 3609; x_wconf 86' lang='lat' dir='ltr'><strong>quibus</strong></span> 
     </span>
     <span class='ocr_line' id='line_1_33' title="bbox 277 3622 1373 3696; baseline -0.005 -18"><span class='ocrx_word' id='word_1_238' title='bbox 277 3643 337 3696; x_wconf 83' lang='lat' dir='ltr'><strong>ego</strong></span> <span class='ocrx_word' id='word_1_239' title='bbox 368 3625 467 3678; x_wconf 76' lang='lat' dir='ltr'><strong>rebus</strong></span> <span class='ocrx_word' id='word_1_240' title='bbox 495 3625 648 3678; x_wconf 84' lang='lat' dir='ltr'><strong>confisus</strong></span> <span class='ocrx_word' id='word_1_241' title='bbox 677 3624 762 3676; x_wconf 90' lang='lat' dir='ltr'><strong>domi</strong></span> <span class='ocrx_word' id='word_1_242' title='bbox 790 3626 906 3690; x_wconf 76' lang='lat' dir='ltr'><strong>mansi,</strong></span> <span class='ocrx_word' id='word_1_243' title='bbox 933 3623 1100 3695; x_wconf 80' lang='lat' dir='ltr'><strong>siquidem</strong></span> <span class='ocrx_word' id='word_1_244' title='bbox 1123 3622 1222 3675; x_wconf 82' lang='lat' dir='ltr'><strong>video</strong></span> <span class='ocrx_word' id='word_1_245' title='bbox 1242 3630 1291 3674; x_wconf 78' lang='lat' dir='ltr'><strong>oet</strong></span> <span class='ocrx_word' id='word_1_246' title='bbox 1330 3625 1373 3674; x_wconf 72' lang='grc' dir='ltr'><strong>Τά</strong></span> 
     </span>
     <span class='ocr_line' id='line_1_34' title="bbox 278 3705 1368 3781; baseline -0.002 -19"><span class='ocrx_word' id='word_1_247' title='bbox 278 3706 371 3762; x_wconf 75' lang='grc' dir='ltr'><strong><em>δίκαια</em></strong></span> <span class='ocrx_word' id='word_1_248' title='bbox 390 3719 415 3763; x_wconf 85' lang='lat' dir='ltr'><strong>et</strong></span> <span class='ocrx_word' id='word_1_249' title='bbox 433 3707 528 3781; x_wconf 70' lang='grc' dir='ltr'><strong><em>λόγους</em></strong></span> <span class='ocrx_word' id='word_1_250' title='bbox 545 3707 772 3780; x_wconf 73' lang='grc' dir='ltr'><strong><em>παρεσκευάσθαι</em></strong></span> <span class='ocrx_word' id='word_1_251' title='bbox 789 3728 821 3763; x_wconf 85' lang='lat' dir='ltr'><strong>ex</strong></span> <span class='ocrx_word' id='word_1_252' title='bbox 834 3711 916 3764; x_wconf 85' lang='lat' dir='ltr'><strong>verbo</strong></span> <span class='ocrx_word' id='word_1_253' title='bbox 933 3707 1091 3780; x_wconf 74' lang='grc' dir='ltr'><strong><em>γιγνώσκειν</em></strong></span> <span class='ocrx_word' id='word_1_254' title='bbox 1106 3708 1231 3781; x_wconf 76' lang='lat' dir='ltr'><strong>pendent</strong></span> <span class='ocrx_word' id='word_1_255' title='bbox 1269 3705 1368 3772; x_wconf 87' lang='lat' dir='ltr'><strong>Quidni</strong></span> 
     </span>
     <span class='ocr_line' id='line_1_35' title="bbox 276 3791 1373 3867; baseline 0 -21"><span class='ocrx_word' id='word_1_256' title='bbox 276 3796 315 3846; x_wconf 87' lang='lat' dir='ltr'><strong>sic</strong></span> <span class='ocrx_word' id='word_1_257' title='bbox 326 3795 470 3864; x_wconf 81' lang='lat' dir='ltr'><strong>scripsisse</strong></span> <span class='ocrx_word' id='word_1_258' title='bbox 480 3795 637 3850; x_wconf 79' lang='lat' dir='ltr'><strong>Andocides</strong></span> <span class='ocrx_word' id='word_1_259' title='bbox 657 3795 792 3867; x_wconf 77' lang='lat' dir='ltr'><strong>putandus</strong></span> <span class='ocrx_word' id='word_1_260' title='bbox 806 3797 854 3849; x_wconf 85' lang='lat' dir='ltr'><strong>sit:</strong></span> <span class='ocrx_word' id='word_1_261' title='bbox 872 3826 883 3838; x_wconf 93' lang='lat'><em>·</em></span> <span class='ocrx_word' id='word_1_262' title='bbox 894 3827 905 3838; x_wconf 89' lang='lat'><em>-</em></span> <span class='ocrx_word' id='word_1_263' title='bbox 918 3791 1024 3866; x_wconf 71' lang='grc' dir='ltr'><strong><em>ῥρόίώι</em></strong></span> <span class='ocrx_word' id='word_1_264' title='bbox 1041 3791 1173 3866; x_wconf 63' lang='grc' dir='ltr'><strong><em>γνώσεσθ’</em></strong></span> <span class='ocrx_word' id='word_1_265' title='bbox 1192 3792 1211 3848; x_wconf 77' lang='grc' dir='ltr'><strong><em>ό</em></strong></span> <span class='ocrx_word' id='word_1_266' title='bbox 1226 3811 1281 3863; x_wconf 85' lang='grc' dir='ltr'><strong>μυυ</strong></span> <span class='ocrx_word' id='word_1_267' title='bbox 1294 3809 1373 3846; x_wconf 79' lang='grc' dir='ltr'><strong><em>κατι·</em></strong></span> 
     </span>
     <span class='ocr_line' id='line_1_36' title="bbox 275 3867 1372 3954; baseline 0 -24"><span class='ocrx_word' id='word_1_268' title='bbox 275 3877 413 3954; x_wconf 67' lang='lat' dir='ltr'><strong>peribam</strong></span> <span class='ocrx_word' id='word_1_269' title='bbox 432 3875 461 3929; x_wconf 83' lang='grc' dir='ltr'><strong>οἱ</strong></span> <span class='ocrx_word' id='word_1_270' title='bbox 478 3879 637 3951; x_wconf 80' lang='grc' dir='ltr'><strong><em>κατήγοροι,</em></strong></span> <span class='ocrx_word' id='word_1_271' title='bbox 657 3885 712 3933; x_wconf 78' lang='grc' dir='ltr'><strong>καὶ</strong></span> <span class='ocrx_word' id='word_1_272' title='bbox 734 3876 854 3950; x_wconf 69' lang='grc' dir='ltr'><strong><em>λόγους</em></strong></span> <span class='ocrx_word' id='word_1_273' title='bbox 876 3879 1173 3952; x_wconf 83' lang='grc' dir='ltr'><strong><em>παρεσκευάσθαι.</em></strong></span> <span class='ocrx_word' id='word_1_274' title='bbox 1200 3881 1235 3930; x_wconf 80' lang='grc' dir='ltr'><strong>τά</strong></span> <span class='ocrx_word' id='word_1_275' title='bbox 1256 3876 1308 3946; x_wconf 72' lang='lat' dir='ltr'><strong>pte</strong></span> <span class='ocrx_word' id='word_1_276' title='bbox 1325 3867 1372 3930; x_wconf 77' lang='grc' dir='ltr'><strong><em>σόν</em></strong></span> 
     </span>
     <span class='ocr_line' id='line_1_37' title="bbox 277 3959 1372 4035; baseline 0.004 -21"><span class='ocrx_word' id='word_1_277' title='bbox 277 3959 371 4014; x_wconf 74' lang='grc' dir='ltr'><strong><em>δίκαια</em></strong></span> <span class='ocrx_word' id='word_1_278' title='bbox 386 3960 527 4032; x_wconf 75' lang='grc' dir='ltr'><strong><em>γινώσκειν</em></strong></span> <span class='ocrx_word' id='word_1_279' title='bbox 549 3960 619 4028; x_wconf 64' lang='lat' dir='ltr'><strong>onte</strong></span> <span class='ocrx_word' id='word_1_280' title='bbox 636 3961 770 4032; x_wconf 78' lang='grc' dir='ltr'><strong><em>ἡγοῦμαι,</em></strong></span> <span class='ocrx_word' id='word_1_281' title='bbox 791 3961 871 4035; x_wconf 74' lang='grc' dir='ltr'><strong><em>οἷπερ</em></strong></span> <span class='ocrx_word' id='word_1_282' title='bbox 889 3963 942 4035; x_wconf 69' lang='grc' dir='ltr'><strong>ἐγώ</strong></span> <span class='ocrx_word' id='word_1_283' title='bbox 959 3962 1107 4019; x_wconf 82' lang='grc' dir='ltr'><strong><em>πισιεόσαι</em></strong></span> <span class='ocrx_word' id='word_1_284' title='bbox 1124 3961 1180 4017; x_wconf 72' lang='grc' dir='ltr'><strong><em>κτλ.</em></strong></span> <span class='ocrx_word' id='word_1_285' title='bbox 1216 3961 1277 4017; x_wconf 83' lang='grc' dir='ltr'><strong>Ηοο</strong></span> <span class='ocrx_word' id='word_1_286' title='bbox 1297 3963 1319 4014; x_wconf 82' lang='lat' dir='ltr'><strong>sl</strong></span> <span class='ocrx_word' id='word_1_287' title='bbox 1339 3962 1372 4018; x_wconf 77' lang='lat' dir='ltr'><strong>rb</strong></span> 
     </span>
     <span class='ocr_line' id='line_1_38' title="bbox 276 4045 1374 4120; baseline 0.001 -20"><span class='ocrx_word' id='word_1_288' title='bbox 276 4045 585 4118; x_wconf 76' lang='lat' dir='ltr'><strong>Andocide&#39;profertum</strong></span> <span class='ocrx_word' id='word_1_289' title='bbox 609 4050 695 4118; x_wconf 79' lang='lat' dir='ltr'><strong>putari</strong></span> <span class='ocrx_word' id='word_1_290' title='bbox 723 4050 833 4120; x_wconf 82' lang='lat' dir='ltr'><strong>poterit,</strong></span> <span class='ocrx_word' id='word_1_291' title='bbox 861 4050 921 4102; x_wconf 90' lang='lat' dir='ltr'><strong>nihil</strong></span> <span class='ocrx_word' id='word_1_292' title='bbox 950 4049 1111 4102; x_wconf 82' lang='lat' dir='ltr'><strong>difficultatis</strong></span> <span class='ocrx_word' id='word_1_293' title='bbox 1139 4050 1201 4101; x_wconf 85' lang='lat' dir='ltr'><strong>loeo</strong></span> <span class='ocrx_word' id='word_1_294' title='bbox 1228 4048 1374 4102; x_wconf 77' lang='lat' dir='ltr'><strong>iuhzerebit.</strong></span> 
     </span>
     <span class='ocr_line' id='line_1_39' title="bbox 276 4130 1373 4205; baseline -0.007 -19"><span class='ocrx_word' id='word_1_295' title='bbox 276 4132 331 4186; x_wconf 65' lang='lat' dir='ltr'><strong>Cet.</strong></span> <span class='ocrx_word' id='word_1_296' title='bbox 342 4133 374 4186; x_wconf 80' lang='lat' dir='ltr'><strong>cs.</strong></span> <span class='ocrx_word' id='word_1_297' title='bbox 387 4132 482 4204; x_wconf 71' lang='lat' dir='ltr'><strong>llrueg.</strong></span> <span class='ocrx_word' id='word_1_298' title='bbox 494 4131 539 4186; x_wconf 92' lang='lat' dir='ltr'><strong>Gr.</strong></span> <span class='ocrx_word' id='word_1_299' title='bbox 550 4130 594 4185; x_wconf 84' lang='lat' dir='ltr'><strong>Gr.</strong></span> <span class='ocrx_word' id='word_1_300' title='bbox 606 4134 624 4192; x_wconf 87' lang='grc' dir='ltr'><strong>Ι,</strong></span> <span class='ocrx_word' id='word_1_301' title='bbox 635 4131 676 4194; x_wconf 75' lang='lat' dir='ltr'><strong>to,</strong></span> <span class='ocrx_word' id='word_1_302' title='bbox 688 4133 710 4198; x_wconf 75' lang='grc' dir='ltr'><strong>ἱ),</strong></span> <span class='ocrx_word' id='word_1_303' title='bbox 721 4132 737 4186; x_wconf 84' lang='grc'>6</span> <span class='ocrx_word' id='word_1_304' title='bbox 747 4147 775 4187; x_wconf 80' lang='grc' dir='ltr'><strong><em>αι</em></strong></span> <span class='ocrx_word' id='word_1_305' title='bbox 786 4134 824 4188; x_wconf 78' lang='lat' dir='ltr'><strong>ll).</strong></span> <span class='ocrx_word' id='word_1_306' title='bbox 844 4133 969 4186; x_wconf 71' lang='lat' dir='ltr'><strong>Metzuer</strong></span> <span class='ocrx_word' id='word_1_307' title='bbox 988 4132 1021 4186; x_wconf 78' lang='lat' dir='ltr'><strong>nd</strong></span> <span class='ocrx_word' id='word_1_308' title='bbox 1042 4133 1149 4205; x_wconf 76' lang='lat' dir='ltr'><strong>Anttpu.</strong></span> <span class='ocrx_word' id='word_1_309' title='bbox 1168 4130 1204 4195; x_wconf 76' lang='lat' dir='ltr'><strong>V,</strong></span> <span class='ocrx_word' id='word_1_310' title='bbox 1217 4131 1259 4194; x_wconf 78' lang='lat'><strong>82,</strong></span> <span class='ocrx_word' id='word_1_311' title='bbox 1272 4149 1297 4202; x_wconf 89' lang='lat' dir='ltr'><strong>p.</strong></span> <span class='ocrx_word' id='word_1_312' title='bbox 1310 4130 1373 4189; x_wconf 75' lang='lat'><strong>239.</strong></span> 
     </span>
    </p>
   </div>
   <div class='ocr_carea' id='block_1_4' title="bbox 0 0 1474 5026">
    <p class='ocr_par' dir='ltr' id='par_1_8' title="bbox 0 0 1474 5026">
     <span class='ocr_line' id='line_1_40' title="bbox 0 0 1474 5026; baseline 0 1"><span class='ocrx_word' id='word_1_313' title='bbox 0 0 1474 5026; x_wconf 95' lang='lat' dir='ltr'><strong> </strong></span> 
     </span>
    </p>
   </div>
  </div>
 </body>
</html>
