2940 5026
282 373 325 439 36

266 542 329 608 τὰ
356 541 457 630 πρὸς
486 541 554 607 τὸν
587 537 794 607 ἀντίδικον
847 543 1269 630 βεβαίωσις.3ἕ3-10.
1342 600 1361 615 .,

241 628 592 716 (προκατάληψις).

327 729 437 811 Quare
452 729 554 795 credo
569 751 661 793 reum
677 728 719 794 de
730 728 792 794 hac
802 733 822 792 1.
866 727 982 794 Filium
1006 731 1185 796 liberaliter
1206 729 1355 804 educavi,

305 837 406 881 causa
447 815 610 880 adversus
639 837 690 879 me
725 837 790 879 non

305 911 534 966 contentarum
560 921 644 964 esse.
689 900 790 964 Filius

306 987 391 1051 enim
423 1008 515 1051 meus
545 985 587 1049 ab
612 985 678 1049 hoc
696 985 790 1070 juve·

304 1094 346 1136 ne
368 1073 400 1136 iu
417 1071 589 1158 gymnasio
612 1070 790 1135 transfixus

305 1154 536 1243 exsprravit§
564 1157 589 1220 l.

864 827 903 878 ut
924 816 1144 880 emolumento
1166 816 1355 900 reipublicae

867 899 943 963 olim
979 911 1077 965 esset.
1123 900 1223 981 Quod
1246 911 1354 965 tamen

867 997 986 1069 praeter
1009 987 1195 1071 opinionem
1211 987 1289 1051 mihi
1302 1008 1354 1050 ac·

865 1069 953 1135 cidit.
977 1071 1184 1136 Adolescens
1208 1072 1292 1136 enim
1306 1073 1356 1136 in·

865 1167 916 1220 ter
932 1156 1151 1222 exercendum
1161 1158 1275 1244 jaculo
1294 1179 1354 1257 pu·
1372 1181 1422 1237 ,2

866 1263 957 1306 erum
996 1255 1169 1308 assecutus
1210 1253 1263 1308 est
1298 1243 1354 1307 ille

866 1326 1015 1412 quidem,
1044 1327 1104 1393 sed
1129 1350 1164 1392 re
1187 1349 1266 1393 vera
1287 1350 1352 1393 non

864 1411 1027 1478 interfecit
1041 1413 1115 1500 -ὗ
1130 1415 1150 1478 3
1164 1451 1203 1465 -

843 1498 878 1585 u)
900 1519 983 1583 puer
1005 1500 1089 1563 enim
1099 1501 1173 1584 ipse
1187 1500 1232 1563 ita
1242 1499 1353 1563 incau·
1369 1518 1455 1592 Μ,

866 1597 919 1648 tus
954 1585 1124 1668 prosiluit,
1152 1591 1190 1648 ut
1221 1583 1352 1648 hastam

865 1678 994 1734 euntem
1027 1692 1085 1734 cor
1111 1691 1169 1734 ore
1196 1691 1259 1734 auo
1284 1690 1353 1733 mo·

864 1762 1009 1826 teretur,
1024 1692 1108 1840 -ξ

844 1838 876 1926 d)
900 1858 1001 1924 quare
1029 1840 1164 1925 juvenis
1193 1839 1354 1904 immerito
1368 1843 1464 1920 ylorll

865 1934 1040 1990 accusatur
1062 1926 1155 2011 pueri
1171 1926 1281 2002 occisi,
1297 1925 1352 2008 qui

866 2011 895 2074 si
918 2010 1035 2075 eodem
1057 2013 1090 2076 in
1112 2012 1204 2088 loco,
1227 2033 1294 2160 Ἱιιο
1320 2033 1354 2075 e·

865 2103 932 2170 rat,
954 2097 1144 2173 mansisset,
1155 2097 1233 2181 jacu
1249 2119 1270 2161 o
1284 2117 1351 2160 non

889 2191 1041 2245 aleretur.
1064 2179 1084 2265 §
1107 2181 1135 2245 5.
1159 2178 1255 2254 εἰκός.

801 2266 833 2325 ll.
856 2202 966 2342 guum
989 2286 1184 2329 concessum
1207 2267 1264 2342 sit,
1287 2288 1354 2330 non

866 2348 1083 2414 voluntariam
1116 2350 1241 2416 eaedem
1263 2372 1354 2426 esse,
1374 2386 1460 2457 mg.

866 2454 908 2497 ex
940 2435 1016 2520 ipso
1051 2456 1177 2511 errore,
1211 2436 1286 2521 quis
1312 2436 1356 2500 sit

866 2519 938 2605 ejus
962 2530 1092 2596 auctor,
1122 2529 1261 2606 apparet
1281 2522 1355 2607 ipse

867 2614 990 2668 auctor.

845 2687 880 2773 a)
902 2689 979 2754 Non
999 2689 1042 2761 is,
1059 2689 1198 2775 quirem
1213 2691 1356 2838 alissuam

866 2773 991 2838 inscius
1026 2783 1059 2838 et
1091 2775 1213 2840 invitus
1240 2775 1356 2850 elicit,

867 2858 996 2933 sedis,
1020 2860 1076 2944 qui
1099 2860 1207 2926 sciens
1231 2872 1264 2924 et
1278 2882 1357 2945 pru·

868 2943 950 3008 dens
974 2945 1027 3009 vel
1049 2943 1128 3010 facit
1150 2946 1203 3011 vel
1219 2945 1356 3031 patitur,

867 3038 983 3095 auctor
1017 3039 1050 3095 et
1082 3052 1182 3096 eausa
1212 3032 1284 3117 ejus
1307 3030 1355 3095 rei

867 3116 948 3179 est⁴.
971 3114 991 3198 §
1013 3116 1041 3179 6.
1065 3115 1187 3202 γνώμη.

845 3199 876 3286 b)
893 3198 1004 3278 Quare
1026 3198 1223 3265 adolescens
1245 3200 1357 3264 nonin
1373 3212 1421 3284 79.

866 3284 965 3368 culpa
988 3293 1048 3348 est.
1087 3286 1205 3370 Neque
1232 3285 1317 3349 enim
1340 3307 1361 3349 a

867 3389 973 3454 scopo
986 3371 1151 3436 aberravit
1162 3391 1270 3455 neque
1282 3392 1359 3446 eos,

868 3453 924 3536 qui
949 3455 1066 3537 procul
1078 3478 1097 3520 a
1110 3465 1196 3520 meta
1208 3456 1359 3530 aberant,

868 3536 1013 3603 offendit.
1037 3539 1056 3626 5
1079 3542 1108 3605 7.
1132 3548 1279 3627 σημεῖον.

845 3622 875 3710 r)
896 3623 985 3687 Puer
1015 3625 1088 3710 ipse
1117 3624 1160 3691 de
1188 3626 1279 3702 loeo,
1300 3624 1357 3691 ubi
1372 3636 1441 3708 75;7.

867 3707 896 3772 si
919 3709 1097 3776 mansisset
1118 3712 1203 3776 liber
1229 3710 1357 3796 aperi·

868 3793 944 3857 culo
979 3805 1083 3872 esset,
1106 3796 1242 3870 erravit,
1263 3794 1356 3860 ideo·

868 3899 933 3963 que
956 3901 1018 3944 nos
1035 3882 1133 3966 eulpa
1149 3881 1307 3955 liberavit,
1319 3901 1357 3944 ee

867 3963 941 4067 ipse
973 3964 1064 4030 ultus
1100 3966 1180 4030 θεῖ’.
1214 3965 1285 4052 58.
1307 3985 1356 4030 τε·

869 4069 1018 4134 numeror.

790 4079 800 4213 Ι
848 4129 882 4214 r)
905 4129 976 4195 mx
997 4153 1060 4197 nos
1083 4131 1210 4200 uberat.
1228 4132 1248 4220 ς
1263 4135 1293 4200 9.
1304 4133 1358 4201 uf-
1375 4150 1463 4224 peu,
