2940 5026
1129 441 1170 504 ct

174 627 225 682 cst
248 640 314 702 quo
341 637 388 688 ea,
413 635 487 698 quas
510 625 561 677 est
578 614 609 677 in
626 613 818 699 Antiphoni.
832 629 913 676 orat.
928 611 966 676 V.
979 610 1061 676 Nam
1075 614 1213 697 primurn

181 731 213 784 et
243 729 393 803 quartum
418 717 572 780 indicium
602 715 796 779 testimoniis
827 714 1010 780 confirmat.
1034 715 1214 779 secundum

177 823 319 885 omniurn
344 820 460 882 civium
486 818 713 881 recordatione
736 816 961 880 confirmatum
976 817 1068 887 elicit,
1083 819 1212 880 tertium

175 924 283 986 solum
318 921 404 984 nudc
433 919 534 983 affert.
581 918 690 998 Quare
714 920 746 982 iu
770 917 946 981 earundem
969 940 1138 982 numerum
1162 943 1212 983 re-

176 1023 252 1087 ferri
288 1033 401 1107 potest
434 1032 531 1104 atque
566 1041 622 1094 aaa,
657 1021 698 1083 <le
734 1021 853 1103 quibus
889 1019 971 1082 dixit
994 1021 1146 1105 Spengel.
1171 1021 1214 1084 ad

136 1161 140 1165 ·
177 1125 325 1190 Anaxim.
348 1144 379 1206 p.
404 1121 475 1184 257.

154 1227 374 1310 peticiones
398 1221 634 1305 (δικαιολογία.)

177 1325 374 1406 multitaria
398 1345 524 1395 eorum,
541 1326 661 1406 quaein
679 1325 698 1410 §
720 1326 843 1390 11-18
861 1332 938 1388 sunt
957 1363 984 1373 -
1008 1324 1028 1410 ἦ
1045 1327 1081 1390 19
1095 1327 1160 1390 init.
1176 1366 1215 1377 -

159 1431 182 1492 l.
208 1427 306 1506 Quod
329 1426 518 1489 insimulant
542 1440 770 1497 accusatores.
797 1436 925 1511 patrem
948 1449 1055 1523 meum
1074 1431 1214 1492 amein-

181 1528 323 1592 dicatum
347 1549 437 1592 esse.
461 1527 712 1601 calumniantun

164 1631 198 1717 a)
221 1651 293 1693 nam
318 1629 346 1691 si
368 1628 434 1690 hoc
457 1627 630 1690 verisimile
644 1641 747 1701 esset,
760 1627 856 1714 longe
871 1630 964 1693 aliter
976 1651 1026 1693 me
1038 1633 1217 1714 gessissem

179 1753 217 1794 ao
240 1729 359 1793 fecisse
384 1751 432 1792 me
456 1739 568 1792 notum
592 1740 643 1791 est
654 1728 682 1768 ⁵⁶
698 1771 736 1780 -
756 1730 774 1815 5
803 1731 926 1795 19-23
945 1769 979 1779 -
1000 1730 1110 1796 εἰκότα
1127 1758 1183 1808 -;

157 1832 188 1919 b)
211 1832 240 1894 si
263 1831 417 1895 conscius
442 1829 541 1915 hujus
565 1830 700 1893 sceleris
724 1831 801 1895 mihi
820 1832 972 1908 fuissem,
986 1834 1116 1897 nonhic
1130 1857 1217 1899 man·

180 1935 298 1997 sissem
316 1931 546 2016 judiciumque
570 1933 746 1996 subiissem
758 1933 793 1996 ⁵².
818 1934 837 2019 ς
861 1935 911 1998 24.
934 1932 1118 2021 τεκμήριον.

188 2135 222 2186 56
259 2133 273 2202 ξ
295 2135 327 2184 19
347 2131 448 2204 οὐγὰρ
468 2139 513 2185 καὶ
533 2130 642 2186 δίκαιον
660 2131 861 2204 ἀπολογεῖσθαι
884 2132 1140 2205 ἀναμιμνήσκοντας
1157 2138 1222 2190 cois

113 2219 170 2271 τῶν
199 2216 363 2290 κατηγόρων
391 2213 487 2287 λόγους
515 2214 679 2287 ἕξελέγχεινς
715 2219 820 2271 Turirc.
851 2221 1124 2292 Wyttenbachianum
1157 2221 1220 2273 illud

115 2301 204 2357 οὕτω
223 2321 274 2376 pro
293 2301 325 2355 οὔ
344 2304 498 2373 probarunt.
545 2301 602 2354 Sed
627 2321 707 2373 quun}
732 2319 794 2374 post
815 2303 972 2375 ἐξελέγχειν,
993 2306 1219 2377 quemadmodum

117 2388 215 2442 suadet
234 2386 408 2442 Foertschius
427 2391 452 2440 in
466 2389 619 2441 Observatt.
631 2390 687 2441 crit.
706 2390 732 2441 in
750 2389 812 2460 lys.
827 2391 912 2446 Oratt.
931 2393 1015 2464 (Lips.
1039 2391 1115 2454 1829)
1134 2410 1158 2460 p.
1178 2392 1223 2452 64,

115 2474 220 2544 siguum
240 2472 421 2543 interrogandi
449 2475 632 2542 posuerimus,
661 2476 683 2527 si
713 2489 773 2528 ante
793 2473 940 2547 ἐξελέγχειν
958 2479 1120 2548 intelligetur
1138 2472 1218 2536 ὥστε,

115 2575 198 2611 causa
216 2576 269 2612 non
289 2560 350 2619 erit,
377 2574 424 2610 cur
452 2558 531 2610 rerba
551 2570 690 2611 mutentur.
733 2560 851 2613 Nonne
871 2564 953 2614 anim
978 2595 1004 2602 -
1025 2564 1110 2632 inquit-
1129 2571 1222 2612 orator

116 2670 146 2682 -
160 2643 352 2713 veljustutn
373 2656 426 2695 est
443 2645 488 2695 ita
507 2661 542 2696 se
562 2645 703 2716 aliquem
723 2646 914 2709 defendere,
933 2662 967 2700 ut
985 2649 1015 2700 iu
1034 2648 1221 2700 aremoricus

117 2737 259 2781 reticeat
277 2728 449 2782 refutandi
470 2747 571 2782 causa
595 2747 642 2792 ea,
670 2749 739 2801 quae
768 2732 956 2787 adversarii
987 2731 1151 2786 dixerint?
1181 2730 1226 2784 De·

118 2815 212 2884 plurali
240 2810 496 2881 ἀναμιμνήσκοντας
514 2815 549 2869 cf.
571 2816 676 2886 Antiph.
699 2835 735 2869 or.
756 2817 766 2869 l
787 2817 825 2886 §l
847 2817 911 2872 sotis
930 2814 1012 2869 αὑτοῦ
1030 2816 1154 2886 φονεῦσι.
1182 2816 1223 2870 ld.

115 2893 148 2962 ll,
168 2918 196 2960 a,
217 2898 235 2950 9
252 2897 309 2950 τῶν
324 2901 557 2969 παραγενομένων
574 2896 620 2963 (de
639 2917 692 2952 tino
712 2904 809 2963 aerato).
855 2899 944 2963 Quum
963 2902 1031 2952 enim
1052 2904 1077 2953 in
1097 2903 1222 2953 iiiiii-ersa

116 3001 203 3037 rerum
222 2983 448 3052 cottternplationa
468 2994 591 3036 versatur
609 2985 704 3044 orado,
736 2986 844 3056 pluralis
875 3002 1000 3038 numerus
1029 2985 1147 3038 adhiberi
1175 3001 1222 3037 so-

118 3072 160 3123 let.
197 3067 321 3121 Ceterum
341 3067 374 3120 cf.
394 3063 528 3121 Maetzoer.
547 3068 726 3123 Cotnnteotar.
746 3071 779 3122 ad
800 3071 909 3141 Autiplt.
928 3070 960 3132 ll,
979 3089 1006 3133 a,
1028 3070 1052 3131 7,
1072 3089 1097 3140 p.
1118 3069 1175 3121 1s3,

188 3184 219 3195 -
255 3152 325 3222 §22
344 3145 372 3204 εἰ
386 3148 479 3219 ἀληθῆ
498 3147 557 3205 οἵδε
576 3151 699 3224 λέγουσιν
715 3159 737 3208 si
757 3174 818 3210 vera
838 3167 1011 3210 accusatores
1026 3156 1076 3208 mei
1096 3156 1221 3218 fatentur,

118 3241 194 3293 lateri
207 3241 307 3302 volunt,
325 3240 340 3291 l.
360 3255 382 3291 e.
402 3238 475 3308 quod
495 3239 560 3309 ipsis
580 3258 689 3312 quoque
710 3244 912 3296 accusatoribus
927 3245 1005 3304 uteie,
1027 3243 1049 3294 si
1069 3259 1130 3294 vera
1144 3241 1221 3295 fateri

118 3327 223 3387 solunt,
242 3325 447 3379 ooriccdendurn
467 3336 517 3379 est.

187 3411 219 3463 57
256 3409 270 3480 ξ
289 3411 324 3465 24
342 3404 370 3463 εἰ
385 3408 478 3478 ἀληθῆ
494 3402 529 3478 ἧν
544 3411 629 3466 ταῦτα
648 3411 667 3465 ἅ
683 3433 722 3483 με
742 3411 944 3486 κατηγόρησαν.
981 3414 1134 3466 Dobraeuur
1152 3411 1233 3467 adv:

118 3498 137 3560 1,
158 3496 209 3549 177
226 3493 323 3565 lipsa
341 3497 394 3568 legi
410 3495 549 3566 jubentem
563 3502 649 3552 secuti
663 3511 726 3554 sunt
746 3501 919 3554 Turicenses.
957 3499 1039 3564 Quod
1060 3500 1118 3550 sine
1138 3497 1223 3549 dubio

120 3595 193 3636 recte
212 3582 311 3635 sactum
330 3593 418 3646 esset,
437 3585 460 3634 si
481 3584 506 3636 id
527 3598 659 3655 ageretur,
688 3599 717 3638 ut
746 3586 779 3638 ad
808 3601 975 3638 communem
1004 3584 1132 3654 loquendi
1161 3598 1227 3635 con-

118 3668 288 3721 suetudinem
317 3669 455 3740 redigeres
485 3668 537 3721 ltoc
567 3671 737 3723 vocabulum.
775 3670 832 3722 sed
853 3672 936 3722 multa
955 3686 1014 3721 cum
1033 3668 1157 3719 cautione
1177 3667 1228 3718 cri-

118 3755 171 3806 tica
189 3751 337 3805 lectitanda
356 3762 400 3803 est
420 3752 444 3803 iu
475 3752 633 3813 Andocide,
662 3757 762 3824 quippe
785 3756 828 3824 qui
852 3770 933 3824 quum
952 3755 977 3806 in
997 3753 1228 3805 enunciationibaa

118 3835 326 3891 conformandis
354 3844 410 3887 tunt
439 3836 464 3888 in
495 3837 583 3890 verbis
613 3841 681 3892 inter
708 3856 738 3892 se
758 3838 924 3892 collocandis
945 3839 976 3891 ad
997 3839 1131 3910 rulgarem
1151 3854 1228 3890 nsunt

124 3937 289 3993 serrsttutque
317 3923 466 3973 orationem
495 3933 611 3976 revocet.
658 3923 748 3987 Quare
768 3942 821 3977 non
840 3940 954 3995 prorsus
974 3924 1167 3994 repudiandum
1187 3936 1230 3975 est

130 4007 193 4060 illud
213 4009 261 4074 μέ.
299 4003 379 4069 Quod
399 4004 529 4076 Kruagea
550 4011 719 4062 acutissimus
744 4011 791 4073 rir,
810 4009 856 4075 Gr,
875 4009 964 4061 Graan
983 4009 1003 4072 1,
1022 4008 1065 4072 47,
1084 4007 1125 4071 al,
1146 4009 1160 4058 3
1180 4027 1228 4079 pro

118 4089 373 4163 κατηγόρησαν
392 4092 580 4147 contutandare
600 4093 704 4148 ridetur
721 4091 974 4165 κακηγόρησαν,
1002 4094 1028 4146 id
1049 4093 1090 4146 vel
1118 4106 1230 4166 propter

117 4192 163 4241 aa,
183 4194 241 4248 quta
260 4177 430 4248 praecedunt,
448 4170 477 4230 εἰ
496 4174 589 4246 ἀληθῆ
609 4167 644 4244 ἧν
661 4177 756 4241 ταῦτα,
778 4179 886 4250 probari
905 4196 959 4232 non
979 4171 1086 4249 potest(
