2940 5026
101 554 297 645 αρεπτικόν),
307 553 464 620 laudandi
477 552 768 640 (ἐγκωμιαστικόν),
779 552 986 638 vituperandi
998 555 1200 642 (waurantis),

103 659 281 724 accusandi
297 654 553 743 (κατηγορικόν),
569 643 770 720 defendendi
784 649 1064 743 (ἅπολογητικόν),
1087 659 1200 742 exqui-

100 761 193 825 rendi
218 755 455 844 (ἐξεταστικόν).
499 757 714 845 Argumenta,
738 758 857 840 quibus
881 769 1016 822 utuntur
1039 769 1199 834 oratores,

100 863 169 949 peti
192 872 336 946 possunt
358 882 399 924 ex
417 861 526 945 justo,
560 882 602 924 ex
625 859 783 943 legitimo,
807 881 847 922 ex
869 858 956 933 utili,
979 882 1020 923 ex
1043 860 1199 934 honesto,

31 978 33 982 '
103 985 144 1028 ex
172 963 340 1048 jucundo,
374 983 414 1025 ex
442 960 544 1035 facili,
579 983 620 1024 ex
643 959 842 1044 possibili¹³‚
877 981 918 1023 ex
941 958 1128 1024 necessario
1151 959 1199 1046 (ἐκ

101 1066 163 1130 τοῦ
183 1066 328 1141 δικαίου,
352 1065 510 1144 νομίμου,
533 1064 774 1146 συμφέροντος,
797 1060 913 1140 καλοῦ,
936 1059 1045 1148 ἡδέος,
1068 1060 1199 1149 ῥᾳδίου,

10 1149 11 1155 ¹
101 1166 255 1242 δυνατοῦ,
279 1158 484 1244 α’ναγκαίου),
518 1172 574 1228 aut
597 1185 638 1225 ex
659 1161 798 1245 injusto,
822 1185 863 1236 ex
885 1186 951 1227 non
975 1165 1134 1250 legitimo,
1158 1189 1199 1230 ex

100 1269 221 1342 inutili,
236 1266 371 1349 reliquis
379 1265 415 1340 ¹⁴,
431 1266 551 1348 quibus
575 1286 615 1327 ex
638 1265 737 1327 rebus
761 1277 818 1328 aut
840 1265 922 1350 ipsis
939 1278 1128 1352 argumenta
1144 1289 1199 1330 su·

101 1380 248 1444 muntur‚
282 1378 339 1433 aut
372 1389 414 1431 ex
435 1368 491 1436 iis.
515 1387 589 1451 quae
611 1365 663 1428 his
687 1366 803 1429 similia
826 1377 918 1442 sunt,
941 1379 998 1432 aut
1020 1371 1199 1443 contraria,

102 1480 158 1536 aut
180 1471 213 1534 in
236 1470 373 1534 aliorum
390 1469 630 1532 existimatione
647 1478 679 1530 ot
690 1468 816 1553 judicio
833 1469 979 1552 posita¹⁵.
1003 1472 1083 1536 Haeo
1099 1492 1198 1555 quum

101 1572 209 1658 capita
232 1581 265 1635 et
287 1571 382 1654 quasi
404 1569 513 1634 fontes
538 1568 670 1653 quidam
693 1579 956 1652 argumentorum
981 1571 1089 1648 sint¹⁶,
1105 1594 1125 1635 a
1139 1593 1200 1656 po·

102 1674 297 1739 sterioribus
319 1672 508 1736 rhetoribus
529 1667 639 1734 τελικὰ
654 1668 817 1753 κεφάλαια
833 1671 1126 1756 ορμοΙΙοοοαωυΠ.
1150 1672 1199 1740 Λα

98 1861 252 1921 tinerentur,
280 1858 413 1911 transiret.
458 1856 539 1921 Quod
566 1874 630 1909 vero
650 1873 708 1927 cap.
728 1857 762 1907 37
780 1856 834 1909 init.
852 1876 879 1927 p.
900 1857 959 1922 238,
981 1859 992 1910 l
1018 1858 1080 1912 dicit
1105 1861 1199 1931 exqui-

98 1946 173 1999 rendi
192 1945 310 2016 speeiem
328 1960 439 2015 perraro
458 1943 544 1994 solam
564 1944 698 2012 usurpari,
718 1943 767 1996 sed
787 1945 883 1997 ceteris
902 1945 1023 2015 partibus
1036 1945 1199 2014 adjunctam,

98 2031 126 2084 id
145 2049 199 2083 non
219 2031 324 2089 obstat,
342 2030 499 2098 quominus,
518 2027 574 2077 sive
593 2027 652 2078 sola
672 2029 861 2096 ponatur'sive
884 2047 942 2080 erim
966 2032 1062 2083 ceteris
1087 2032 1198 2102 conjun-

102 2127 145 2169 eta
164 2115 320 2185 reperiatur,
340 2113 363 2164 sl
382 2129 431 2183 per
443 2129 473 2165 se
486 2112 654 2182 intelligatur.
674 2111 707 2163 ad
725 2129 811 2182 genus
825 2112 952 2181 judiciale
970 2115 1107 2168 referatur.
1129 2114 1198 2168 Nem

12 2265 17 2272 ⁵
102 2209 129 2254 et
147 2201 200 2252 hoo
219 2199 318 2269 pariter
335 2197 386 2250 roei
409 2195 584 2260 ἐξεταστικοῦ
612 2207 691 2266 atque
718 2195 768 2248 τοῦ
790 2198 972 2268 κατηγορικοῦ
993 2209 1019 2253 et
1037 2197 1202 2271 ἀπολογησο-

100 2284 303 2360 xoiproprium
323 2300 385 2336 esse
405 2282 510 2346 dicitur,
529 2281 562 2334 ad
582 2278 737 2350 ἀπολογίας
754 2282 894 2352 plurimum
914 2287 1000 2338 velere
1019 2286 1063 2349 (uf.
1077 2305 1102 2357 p.
1112 2285 1197 2351 238,1

100 2389 160 2442 sqq.
177 2372 210 2423 τὸ
230 2365 253 2421 δ’
256 2366 430 2431 ἐξεταστικὸν
444 2397 456 2411 ·
473 2397 485 2410 ·
501 2364 621 2435 μάλιστα
637 2369 710 2436 πρὸς
726 2369 777 2420 τὰς
795 2364 949 2439 ἀντιλογίας
961 2368 1097 2441 χρήσιμός
1115 2370 1198 2424 ἐστιν,

100 2475 128 2528 p.
139 2456 225 2519 192?
241 2451 328 2505 ταῦτα
341 2455 395 2523 γὰρ
415 2453 441 2521 [i.
460 2470 482 2505 e.
499 2455 532 2504 τὸ
550 2454 732 2521 κατηγορικὸν
749 2457 795 2503 καὶ
815 2456 848 2505 rt
866 2450 1084 2525 αἷπολογητικόν]
1102 2454 1200 2510 πλεί-

102 2559 184 2608 στην
212 2534 417 2609 ἀντιλογίαο
446 2533 576 2600 δέονται),
607 2548 634 2588 et
659 2535 686 2589 id
715 2537 755 2589 vel
785 2555 878 2591 onmes
907 2541 1055 2594 orationum
1088 2545 1195 2613 species

101 2643 241 2679 commune
260 2623 332 2694 apud
350 2625 543 2676 Anaximenen
564 2623 670 2686 habent,
696 2634 726 2675 ut
753 2640 801 2693 pro
829 2641 857 2676 re
879 2636 941 2676 nata
969 2626 1024 2680 ellae
1044 2628 1100 2680 aliis
1120 2629 1197 2698 quasi

101 2729 180 2783 opem
199 2711 286 2763 lerant
303 2711 372 2762 inter
390 2725 473 2778 seque
493 2709 724 2762 commisceantur.
761 2708 800 2761 Cs.
818 2709 869 2761 looi
889 2711 913 2772 ii,
933 2729 1002 2781 quos
1024 2712 1117 2765 laudat
1133 2713 1198 2766 Fiu-

100 2798 176 2851 khius
195 2815 222 2867 p.
244 2797 281 2848 11.
317 2793 398 2847 Adde
417 2796 539 2846 Ananim.
557 2813 583 2865 p.
603 2794 661 2856 191,
682 2794 791 2849 16-22.
829 2796 867 2848 Cf.
888 2795 1000 2850 Usener.
1021 2816 1046 2869 p.
1065 2800 1107 2852 35.

171 2898 205 2949 13
240 2895 310 2948 Nam
328 2897 378 2949 hec
397 2913 464 2949 voce
483 2897 565 2948 utitur
583 2894 691 2959 Quintil.
709 2896 729 2948 l.
748 2897 780 2949 O.
799 2897 845 2959 ΙΙΙ,
864 2897 887 2960 8,
906 2899 948 2950 25.

174 2997 205 3050 lt
241 2999 364 3050 Ananim.
387 2998 444 3061 175,
464 2999 496 3048 lll
515 3015 557 3067 sq.
576 2995 685 3049 ἅπασαι
702 2993 733 3049 δὲ
752 2991 784 3049 αἱ
801 2994 918 3067 πράξεις
934 2999 1079 3065 μετέχουσι
1095 2996 1201 3052 τούτων

102 3081 281 3153 ἀμφοτέραν,
302 3079 371 3135 viora
388 3078 459 3150 μηδ
467 3084 595 3151 οτέραυ
611 3080 667 3132 τῶν
686 3077 849 3134 ὑποθέσεων
861 3081 957 3147 ἔχοντα
968 3079 1056 3152 λόγων
1070 3081 1198 3154 ἀπορεῖν,

100 3168 144 3220 ubi
163 3166 289 3238 Spengel.
308 3166 486 3221 Commentar.
507 3186 531 3238 p.
547 3168 598 3219 107
611 3167 727 3238 expungi
746 3168 802 3220 vult
821 3167 933 3235 ἔχοντα,
951 3167 1025 3237 quod
1044 3179 1197 3239 trnrenquo

94 3253 155 3324 jure
182 3252 275 3305 fecerit
302 3254 341 3306 vir
368 3254 543 3308 doctissimus
571 3253 632 3305 mihi
660 3270 713 3304 non
736 3253 827 3323 liquet.
871 3253 969 3306 Melius
989 3253 1108 3308 sortasse
1128 3251 1198 3308 ὥστε

98 3332 180 3405 μηδ’
200 3335 323 3409 ἕτερον
341 3337 466 3409 ἑτέραν
483 3340 540 3390 τῶν
556 3334 603 3391 ὑπ,
623 3337 646 3390 ἔ.
664 3335 689 3391 l..
710 3335 739 3390 ei.
757 3338 773 3390 i.
792 3356 813 3392 e.
831 3349 860 3390 ut
879 3339 952 3391 nullo
975 3339 1058 3393 modo
1076 3343 1199 3395 nescient

100 3423 167 3474 alter
193 3440 243 3493 pro
272 3423 353 3474 altera
382 3424 513 3476 sententie
541 3441 677 3494 pugnans,
702 3425 799 3494 quibus
825 3427 986 3496 argumentis
1006 3437 1121 3479 utentur.
1157 3425 1197 3479 De

98 3508 291 3580 significatione
311 3510 384 3561 vocis
402 3505 483 3575 μηδ’
502 3509 534 3563 ol.
553 3509 674 3581 Hartung
700 3509 783 3563 Partt.
801 3509 821 3572 Ι,
841 3510 900 3562 210.

168 3595 202 3646 15
238 3595 447 3665 Anax.p.176,
468 3593 578 3650 13-17.

169 3678 202 3732 16
238 3679 278 3731 Cf.
297 3679 480 3750 Capperoner.
499 3679 534 3732 ad
553 3679 663 3744 Quintil.
681 3681 700 3733 l.
719 3681 751 3734 Ο.
770 3700 796 3752 p.
816 3680 873 3733 194.

170 3780 203 3832 17
240 3779 381 3833 Ernestius
401 3778 466 3833 Lex.
482 3799 508 3851 p.
528 3781 592 3834 179:
610 3782 678 3836 ”loci
697 3792 723 3834 et
742 3780 824 3834 sedes
844 3787 1059 3850 argumentorum
1079 3789 1124 3834 eut
1142 3789 1196 3835 tra·

100 3867 240 3928 stationis,
259 3881 311 3936 qun
331 3865 355 3916 iu
376 3867 497 3919 oratione
515 3868 636 3919 utimur.”
673 3866 712 3919 cf.
732 3866 846 3920 Usener.
864 3884 890 3937 p.
910 3865 950 3919 24.
972 3865 1098 3938 Spengel.
1116 3867 1197 3919 Com-

100 3960 211 4004 meuter.
229 3949 263 4002 ad
282 3954 368 4003 Anax.
387 3968 413 4022 p.
437 3952 484 4005 104
504 3970 543 4023 sq.
569 3951 690 4004 Cornific.
709 3951 743 4005 ad
763 3952 878 4008 Herenn.
897 3952 942 4015 ΙΙΙ,
962 3954 986 4016 2,
1004 3951 1033 4005 3:
1050 3951 1135 4016 ’'Eos,
1153 3953 1198 4023 qni

101 4035 261 4088 seutentiam
281 4034 383 4100 dicent,
411 4035 511 4090 finem
540 4037 590 4090 sibi
617 4041 756 4093 conveniet
775 4039 895 4093 utilitatis
914 4037 1135 4110 proponere‚”
1153 4038 1199 4090 ubi

99 4122 132 4174 cf.
151 4120 264 4192 Kayser.
