2940 5026
327 407 369 472 50

326 578 355 666 e)
377 578 414 643 ln
438 575 510 640 foro
534 574 677 640 subdio
700 574 742 639 de
765 597 815 639 tne
831 575 975 660 judicari
999 576 1189 660 oportebat,
1207 575 1376 660 juratique

346 687 557 743 accusatores
581 689 696 739 contra
717 698 768 740 me
791 697 887 758 agere
910 676 1104 742 debuerunt.
1128 677 1146 761 ἓ
1172 678 1304 742 11·12.

327 782 361 867 d)
384 779 545 844 Testibus
570 800 634 841 non
651 778 773 862 juratis
795 778 892 840 fidem
905 778 1018 842 haberi
1038 778 1197 843 volunt¹⁸.
1213 779 1230 862 §
1247 779 1283 842 12
1296 789 1379 843 extr.

321 883 346 962 ²)
371 883 404 966 a)
429 881 619 944 Mansurum
649 901 698 940 tne
731 878 834 941 fuisse
857 891 991 962 negant,
1016 881 1077 943 nisi
1100 875 1261 967 ἀπαγωγῇ
1276 881 1375 965 injus

342 994 482 1049 vocatus
515 1003 630 1044 essem.
679 979 758 1042 Mihi
792 979 965 1044 detrahere
1004 982 1179 1045 voluerunt
1211 981 1262 1056 id,
1286 981 1376 1064 quod

344 1087 494 1150 omnibus
519 1081 644 1146 Graecis
667 1101 839 1143 ootntnnne
862 1080 959 1143 esim.
983 1082 1001 1163 ἓ
1028 1083 1074 1144 13,

276 1273 326 1326 pro
355 1254 499 1324 epexegesi
528 1250 703 1322 pracedentis
730 1249 847 1302 adverbii
875 1252 983 1321 ponitur
1014 1269 1055 1322 ap.
1074 1253 1185 1322 Antiplt.
1203 1251 1252 1315 Vt,
1269 1251 1300 1302 31
1321 1251 1374 1304 ἔτι

274 1342 362 1410 πρὸς
383 1337 534 1390 τούτοις,
573 1334 844 1397 Audoc.1‚523'rt
869 1331 900 1388 δὲ
923 1334 981 1388 ἕπ1
1002 1334 1155 1391 reticete·
1192 1338 1233 1390 ld.
1252 1340 1268 1390 1.
1287 1338 1372 1407 152

275 1420 421 1476 deterrime
438 1419 569 1473 κατεῖπε
587 1423 664 1475 τοὺς
681 1418 809 1488 νόμους
827 1422 890 1475 τούς
907 1418 1370 1492 ἦμετίρσυςκαίτούςίίρκοοςκτί..

272 1509 310 1564 ld.
330 1509 374 1571 III,
392 1508 426 1560 27
444 1504 581 1559 κελεύουσι
590 1509 641 1576 γὰρ
656 1503 729 1572 ἡμᾶς
746 1505 847 1579 κοινῇ
865 1507 950 1572 μετὰ
969 1505 1061 1574 σφυῖν
1077 1511 1123 1556 καί
1141 1510 1227 1572 μετὰ
1245 1512 1372 1578 Κοριν-

271 1596 359 1647 θίων
375 1590 518 1658 πολεμεῖν.
546 1592 609 1644 Haec
628 1591 754 1662 loquendi
774 1590 1008 1661 consuetudojam
1021 1592 1083 1644 inde
1097 1593 1129 1642 ab
1144 1592 1261 1645 Homero
1276 1603 1370 1663 poete·

271 1681 308 1733 ris
327 1688 478 1751 propagate
497 1690 547 1731 est·
577 1678 615 1730 Cf.
634 1676 663 1728 L.
682 1680 714 1728 A.
733 1677 828 1741 Aulin,
846 1676 885 1730 De
905 1695 954 1730 ttsu
974 1678 1133 1748 epexegesis
1153 1681 1178 1730 in
1198 1678 1278 1730 Hom.
1292 1697 1370 1730 carm.

270 1764 366 1836 Upeal.
390 1762 461 1817 1858.
481 1783 504 1835 p.
519 1766 551 1815 15
565 1781 609 1834 eq,
644 1763 684 1816 Cs.
704 1763 782 1815 etiam
802 1762 928 1816 Schaefcr.
948 1767 1049 1834 Appar.
1070 1762 1209 1816 Dentosth.
1228 1764 1262 1827 11,
1280 1764 1369 1835 ptri?

274 1849 308 1903 td
325 1867 352 1921 p.
372 1849 432 1901 446.
451 1868 475 1900 r.
496 1849 536 1901 23.

341 1934 374 1990 18
408 1936 426 2001 δ
448 1936 480 1988 12
498 1933 593 1987 ἔπειτα
617 1929 734 1987 κελεύεις
753 1933 817 1987 τοῖς
835 1929 966 1988 δικαστὰς
993 1930 1148 2000 ἀνωμότοις
1170 1931 1368 1990 πιστεὺσαντας

267 2022 327 2076 τοῖς
344 2019 517 2093 μαρτυροῦσι
535 2017 621 2087 φόνου
641 2014 720 2085 δίκην
736 2018 924 2088 καταγνῶναι,
944 2017 990 2074 οὓς
1009 2021 1039 2071 σίν
1059 2016 1141 2073 αὖτίς
1151 2015 1283 2074 ἀπίστους
1292 2022 1371 2071 κατί-

269 2124 370 2172 στησας
396 2102 626 2173 auctionante
643 2107 784 2171 κειμένους
801 2102 917 2172 νόμους,
945 2109 1001 2155 καί
1030 2103 1100 2173 εῖγε
1124 2103 1250 2173 χρῆναι
1272 2102 1367 2159 αὐτοῖς

266 2193 317 2256 τὴν
334 2192 385 2254 στὶν
405 2191 583 2256 παρανομίαν
606 2191 724 2257 κρείσσω
750 2191 880 2258 γενέσθαι
898 2186 1061 2240 αὐτῶντῶν
1075 2187 1178 2254 νόμων.
1222 2191 1267 2243 Sic
1286 2190 1366 2243 codd.

267 2274 370 2344 plurimi
395 2286 422 2324 et
442 2272 535 2332 Bait,
556 2273 655 2334 notis„
675 2273 793 2334 Turicc.‚
812 2272 842 2324 C.
862 2273 981 2325 Muciier.
1022 2273 1150 2325 Maetzner
1174 2293 1208 2327 ex
1231 2276 1302 2345 rulg.
1318 2279 1365 2326 atei

265 2355 370 2427 λέγων
386 2354 494 2428 χρῆναι.
533 2356 680 2408 Scitcibetrs
708 2358 733 2408 in
762 2359 820 2408 Aet.
850 2357 950 2410 Soe'et.
978 2357 1061 2410 Graec.
1087 2359 1146 2412 edd.
1172 2360 1316 2413 Weetertn.
1338 2367 1366 2412 et

265 2442 410 2495 Funkhaen.
430 2441 490 2492 vot.
508 2440 541 2493 11.
561 2461 586 2512 p.
605 2441 639 2491 90
658 2459 697 2512 sq.
735 2441 789 2493 ”ita
810 2443 981 2495 scribendum
1003 2442 1120 2496 ridetur:
1137 2449 1183 2495 καί
1203 2439 1236 2496 εί
1249 2447 1368 2516 κέχρη·

266 2545 321 2579 σαι
342 2523 479 2587 αὐτοῖς,
500 2536 543 2579 attt
559 2539 664 2578 serrata
679 2528 806 2597 particula
825 2547 871 2597 γε,
890 2534 935 2579 καί
955 2528 1025 2598 εῖγε
1045 2531 1216 2597 κέχρησαι
1232 2526 1363 2582 αὐτοῖς.

264 2609 367 2664 Deinde
395 2612 466 2663 verbi
495 2612 673 2680 participium,
701 2612 781 2681 quale
797 2610 918 2677 ποιήσας
940 2621 985 2664 aut
1009 2607 1247 2682 διαπραξάμενος,
1268 2613 1363 2665 alicubi

264 2695 398 2748 excidisse
426 2695 537 2757 ridetur,
565 2715 598 2747 ex
626 2715 680 2766 quo
708 2696 849 2749 infinitivus
875 2696 1006 2765 γενέσθαι
1033 2708 1112 2764 aptus
1144 2695 1244 2747 esset.'’
1280 2696 1311 2747 P.
1331 2697 1362 2750 R.

262 2779 376 2832 Mueller
394 2781 418 2832 in
439 2779 533 2845 Plriioi.
553 2781 601 2843 IX,
621 2784 684 2832 deti:
712 2783 769 2832 '’atn
788 2781 946 2833 leichtesteu
966 2781 1088 2850 corrigitt
1116 2796 1176 2831 tnan
1195 2781 1265 2832 wohl
1284 2769 1363 2851 ἦγεῖ

260 2864 303 2918 srir
321 2865 403 2935 ei'yef
441 2868 577 2937 Sauppius
597 2873 650 2937 (ap.
669 2867 788 2927 Tttricr.)
808 2866 885 2918 ”sort
904 2865 978 2918 οίέι
995 2865 1058 2934 γε.”
1094 2865 1123 2916 In
1143 2865 1257 2918 candem
1271 2884 1361 2918 enten-

261 2951 397 3004 dationem
416 2952 507 3003 incidit
526 2952 558 3004 G.
578 2956 608 3004 A.
629 2951 760 3022 Hirsrhig.
780 2951 910 3021 Philoiog.
931 2951 979 3012 IX,
1000 2952 1057 3015 735,
1082 2961 1258 3021 praeterquam
1287 2951 1360 3022 quod

262 3036 378 3098 dubitet,
396 3051 481 3089 utrum
501 3056 530 3106 γε
550 3037 726 3109 abjiciendum
746 3055 779 3089 en
799 3036 963 3089 retinendum
983 3038 1026 3088 sit.
1063 3036 1119 3088 Sed
1139 3037 1178 3088 bae
1198 3038 1360 3090 mutationes

261 3139 358 3174 omnes
388 3140 443 3175 non
473 3122 596 3175 idoneam
628 3123 787 3175 sententiam
818 3121 932 3174 reddere
963 3122 1091 3174 ridentur.
1140 3122 1255 3175 Primum
1280 3141 1313 3174 ex
1337 3142 1361 3177 r.

260 3205 356 3258 ἔπειτα
375 3209 529 3278 reliquaque
548 3210 681 3260 sententia
701 3215 813 3277 apparet
840 3217 905 3277 post
924 3224 981 3257 voc.
999 3203 1095 3271 νόμων
1112 3208 1217 3276 signum
1244 3209 1359 3259 interro-

258 3292 338 3361 gandi
350 3297 379 3356 (;)
398 3295 461 3362 poni
482 3293 587 3348 debere.
624 3293 696 3344 idem
717 3293 864 3346 desiderari
883 3293 968 3362 quiris
988 3292 1064 3343 facile
1078 3291 1150 3344 ridet
1168 3294 1193 3344 in
1212 3291 1226 3360 ξ
1246 3293 1279 3343 27
1298 3282 1356 3358 κᾷτ’

257 3374 311 3446 ἔγω
337 3375 466 3447 συγχωρῶ
490 3374 530 3442 τῷ
546 3373 652 3428 τούτων
676 3374 761 3448 λόγῳ,
784 3375 974 3449 παρεχόμενος
1000 3376 1053 3442 μὲν
1076 3380 1140 3431 τοὺς
1157 3374 1301 3448 μάρτυρας
1320 3372 1357 3430 ὡς

257 3457 305 3512 οὒκ
324 3458 421 3530 ἐξέβην
439 3458 468 3512 ἐκ
484 3460 534 3512 τοῦ
551 3458 666 3529 ciclum
690 3473 715 3514 et
731 3463 867 3526 Andoci,
881 3461 940 3513 139.
971 3461 1010 3513 Cf.
1030 3461 1128 3532 Krueg.
1148 3461 1193 3513 Gr.
1212 3461 1258 3514 Gr.
1276 3461 1297 3522 I,
1314 3459 1357 3522 69,

256 3547 299 3608 21,
309 3545 332 3598 2.
351 3545 420 3597 Tum
435 3563 467 3597 ex
477 3565 516 3597 vv.
528 3551 574 3597 καί
594 3548 648 3616 εἴγε
667 3547 766 3619 χρῆναι
784 3547 878 3602 αὐτοῖς
897 3549 935 3600 εἰσ
948 3565 992 3609 ea,
1012 3565 1070 3617 qtttc
1084 3548 1192 3616 scripsit
1206 3547 1356 3615 Antiphon,

255 3631 345 3684 elicies
358 3630 485 3694 fortasse,
505 3633 526 3684 si
547 3633 625 3684 scribi
642 3647 768 3702 oportere
784 3634 932 3703 conjeceris
952 3629 993 3686 ὡς
1011 3633 1046 3684 εἴ
1058 3630 1080 3702 γ’
1101 3629 1204 3698 ἐχρῆν
1222 3627 1353 3684 αὐτοῖς.

254 3713 296 3769 De
309 3713 345 3770 ὥς
359 3726 386 3769 et
397 3721 443 3768 καί
457 3719 526 3770 inter
538 3735 568 3771 se
581 3721 736 3774 commutari
751 3721 839 3774 solitis
852 3721 885 3773 cf.
897 3719 970 3773 Bast.
981 3718 1158 3772 Commentat.
1172 3716 1355 3788 Palaeograph.

253 3819 271 3872 p
296 3801 355 3852 781.
394 3801 497 3855 Literas
517 3809 549 3854 σῖῑ
566 3815 631 3874 post
657 3803 740 3876 ἐχρῆν
763 3806 903 3857 verisimile
931 3814 973 3856 est
1001 3822 1034 3856 ex
1063 3809 1098 3855 ᾱῦ
1118 3804 1143 3855 in
1163 3799 1263 3870 τιν’τοῒςζ
1280 3812 1354 3854 ortes

253 3903 322 3939 cese.
359 3886 423 3937 Vox
442 3883 527 3955 Myon
545 3888 578 3940 ab
598 3889 742 3958 interprete
762 3889 859 3943 addita.

323 3971 355 4022 19
391 3969 405 4039 ξ
429 3971 458 4021 13
478 3973 510 4021 σύ
528 3968 558 4023 δὲ
579 3971 595 4023 ὃ
616 3972 676 4025 τοῖς
703 3969 795 4026 ἄλλοις
810 3968 921 4038 Ἕλλησι
947 3971 1040 4025 κοινόν
1067 3972 1141 4026 ἐστιν
1172 3967 1232 4038 ἰδίᾳ
1261 3972 1354 4040 ζητεῖς

251 4052 310 4121 ἒμί
326 4052 413 4122 μόνον
430 4052 606 4127 ἀποστερεῖν.
638 4057 733 4119 Recte,
753 4068 782 4109 ut
794 4059 854 4110 mihi
868 4075 1028 4127 persuasum
1042 4067 1098 4119 est,
1117 4057 1199 4109 Bekk.
1210 4067 1236 4109 et
1246 4057 1354 4108 Turicc.

251 4136 310 4205 ε’μί
329 4158 378 4210 pro
398 4141 468 4212 vulg.
486 4159 542 4208 με,
563 4140 635 4211 quod
656 4141 785 4194 Mctzner
811 4143 911 4196 smetr·
937 4142 1066 4196 defendit.
1104 4142 1160 4195 Sed
1179 4140 1243 4195 iliud
1269 4141 1354 4194 adrni-
