<?xml version="1.0" encoding="UTF-8"?>
<!DOCTYPE html PUBLIC "-//W3C//DTD XHTML 1.0 Transitional//EN"
    "http://www.w3.org/TR/xhtml1/DTD/xhtml1-transitional.dtd">
<html xmlns="http://www.w3.org/1999/xhtml" xml:lang="en" lang="en">
 <head>
  <title>
</title>
<meta http-equiv="Content-Type" content="text/html;charset=utf-8" />
  <meta name='ocr-system' content='tesseract 3.04.00' />
  <meta name='ocr-capabilities' content='ocr_page ocr_carea ocr_par ocr_line ocrx_word'/>
</head>
<body>
  <div class='ocr_page' id='page_1' title='image "./dererumdisposit00lindgoog_0092.png"; bbox 0 0 2940 5026; ppageno 0'>
   <div class='ocr_carea' id='block_1_1' title="bbox 1196 421 1238 486">
    <p class='ocr_par' dir='ltr' id='par_1_1' title="bbox 1196 421 1238 486">
     <span class='ocr_line' id='line_1_1' title="bbox 1196 421 1238 486; baseline -0.024 0"><span class='ocrx_word' id='word_1_1' title='bbox 1196 421 1238 486; x_wconf 87' lang='lat'><em>83</em></span> 
     </span>
    </p>
   </div>
   <div class='ocr_carea' id='block_1_2' title="bbox 177 587 1286 4219">
    <p class='ocr_par' dir='ltr' id='par_1_2' title="bbox 180 587 1286 2705">
     <span class='ocr_line' id='line_1_2' title="bbox 276 587 1286 676; baseline 0.005 -24"><span class='ocrx_word' id='word_1_2' title='bbox 276 587 336 654; x_wconf 81' lang='lat' dir='ltr'><em>Hae</em></span> <span class='ocrx_word' id='word_1_3' title='bbox 369 597 477 653; x_wconf 86' lang='lat' dir='ltr'>autem</span> <span class='ocrx_word' id='word_1_4' title='bbox 502 589 713 654; x_wconf 79' lang='lat' dir='ltr'>transitiones</span> <span class='ocrx_word' id='word_1_5' title='bbox 737 591 857 674; x_wconf 89' lang='lat' dir='ltr'>quibus</span> <span class='ocrx_word' id='word_1_6' title='bbox 881 587 969 673; x_wconf 90' lang='lat' dir='ltr'>apud</span> <span class='ocrx_word' id='word_1_7' title='bbox 994 591 1230 676; x_wconf 85' lang='lat' dir='ltr'>Antiphontem</span> <span class='ocrx_word' id='word_1_8' title='bbox 1254 603 1286 657; x_wconf 89' lang='lat' dir='ltr'><em>et</em></span> 
     </span>
     <span class='ocr_line' id='line_1_3' title="bbox 186 689 1285 776; baseline 0 -20"><span class='ocrx_word' id='word_1_9' title='bbox 186 690 393 756; x_wconf 84' lang='lat' dir='ltr'><strong>Andocidem</strong></span> <span class='ocrx_word' id='word_1_10' title='bbox 417 691 641 776; x_wconf 79' lang='lat' dir='ltr'>exprimantur</span> <span class='ocrx_word' id='word_1_11' title='bbox 663 690 821 775; x_wconf 87' lang='lat' dir='ltr'>loquendi</span> <span class='ocrx_word' id='word_1_12' title='bbox 843 689 967 765; x_wconf 84' lang='lat' dir='ltr'>formis,</span> <span class='ocrx_word' id='word_1_13' title='bbox 978 691 1157 756; x_wconf 83' lang='lat' dir='ltr'>videamus.</span> <span class='ocrx_word' id='word_1_14' title='bbox 1187 693 1285 757; x_wconf 86' lang='lat' dir='ltr'>Prius</span> 
     </span>
     <span class='ocr_line' id='line_1_4' title="bbox 184 792 1286 878; baseline 0.001 -20"><span class='ocrx_word' id='word_1_15' title='bbox 184 792 270 858; x_wconf 91' lang='lat' dir='ltr'>illud</span> <span class='ocrx_word' id='word_1_16' title='bbox 291 794 493 857; x_wconf 82' lang='lat' dir='ltr'>transitionis</span> <span class='ocrx_word' id='word_1_17' title='bbox 516 815 621 876; x_wconf 84' lang='lat' dir='ltr'>genus</span> <span class='ocrx_word' id='word_1_18' title='bbox 644 793 803 878; x_wconf 82' lang='lat' dir='ltr'>triplicem</span> <span class='ocrx_word' id='word_1_19' title='bbox 822 793 853 856; x_wconf 93' lang='lat' dir='ltr'>in</span> <span class='ocrx_word' id='word_1_20' title='bbox 867 792 999 856; x_wconf 90' lang='lat' dir='ltr'>modum</span> <span class='ocrx_word' id='word_1_21' title='bbox 1014 796 1121 858; x_wconf 85' lang='lat' dir='ltr'>verbis</span> <span class='ocrx_word' id='word_1_22' title='bbox 1135 797 1286 860; x_wconf 88' lang='lat' dir='ltr'>enuncia·</span> 
     </span>
     <span class='ocr_line' id='line_1_5' title="bbox 188 894 1286 980; baseline -0.001 -20"><span class='ocrx_word' id='word_1_23' title='bbox 188 905 242 960; x_wconf 87' lang='lat' dir='ltr'><em>tur</em></span> <span class='ocrx_word' id='word_1_24' title='bbox 265 897 436 980; x_wconf 85' lang='lat' dir='ltr'>tribusque</span> <span class='ocrx_word' id='word_1_25' title='bbox 460 894 614 978; x_wconf 87' lang='lat' dir='ltr'>loquendi</span> <span class='ocrx_word' id='word_1_26' title='bbox 640 896 735 979; x_wconf 87' lang='lat' dir='ltr'>quasi</span> <span class='ocrx_word' id='word_1_27' title='bbox 759 894 907 958; x_wconf 83' lang='lat' dir='ltr'>formulis</span> <span class='ocrx_word' id='word_1_28' title='bbox 921 895 1218 980; x_wconf 82' lang='lat' dir='ltr'>comprehenditur.</span> <span class='ocrx_word' id='word_1_29' title='bbox 1236 897 1286 960; x_wconf 85' lang='lat' dir='ltr'><em>Ao</em></span> 
     </span>
     <span class='ocr_line' id='line_1_6' title="bbox 188 984 1285 1082; baseline 0.002 -22"><span class='ocrx_word' id='word_1_30' title='bbox 188 997 328 1082; x_wconf 90' lang='lat' dir='ltr'>primum</span> <span class='ocrx_word' id='word_1_31' title='bbox 352 995 482 1080; x_wconf 86' lang='lat' dir='ltr'>quidem</span> <span class='ocrx_word' id='word_1_32' title='bbox 508 1017 606 1081; x_wconf 90' lang='lat' dir='ltr'>quum</span> <span class='ocrx_word' id='word_1_33' title='bbox 631 997 768 1059; x_wconf 83' lang='lat' dir='ltr'>vocibus</span> <span class='ocrx_word' id='word_1_34' title='bbox 796 994 870 1077; x_wconf 84' lang='grc' dir='ltr'><em>μὲν</em></span> <span class='ocrx_word' id='word_1_35' title='bbox 891 984 961 1060; x_wconf 79' lang='grc' dir='ltr'><em>οὖν</em></span> <span class='ocrx_word' id='word_1_36' title='bbox 983 997 1145 1061; x_wconf 81' lang='lat' dir='ltr'>indicatur</span> <span class='ocrx_word' id='word_1_37' title='bbox 1168 998 1285 1063; x_wconf 92' lang='grc' dir='ltr'><em>παλιλ-</em></span> 
     </span>
     <span class='ocr_line' id='line_1_7' title="bbox 188 1094 1284 1185; baseline 0 -22"><span class='ocrx_word' id='word_1_38' title='bbox 188 1097 283 1178; x_wconf 91' lang='grc' dir='ltr'><em>λογία</em></span> <span class='ocrx_word' id='word_1_39' title='bbox 305 1098 357 1161; x_wconf 88' lang='lat' dir='ltr'>vel</span> <span class='ocrx_word' id='word_1_40' title='bbox 381 1094 527 1184; x_wconf 66' lang='lat' dir='ltr'>tietantia,</span> <span class='ocrx_word' id='word_1_41' title='bbox 550 1111 617 1160; x_wconf 88' lang='lat' dir='ltr'>tum</span> <span class='ocrx_word' id='word_1_42' title='bbox 643 1098 777 1161; x_wconf 78' lang='lat' dir='ltr'>voeerle&#39;</span> <span class='ocrx_word' id='word_1_43' title='bbox 800 1097 1001 1184; x_wconf 79' lang='lat' dir='ltr'>significatur</span> <span class='ocrx_word' id='word_1_44' title='bbox 1012 1097 1186 1185; x_wconf 73' lang='grc' dir='ltr'><em>πρόθεσις.</em></span> <span class='ocrx_word' id='word_1_45' title='bbox 1213 1100 1284 1163; x_wconf 86' lang='lat' dir='ltr'><em>Hae</em></span> 
     </span>
     <span class='ocr_line' id='line_1_8' title="bbox 189 1196 1285 1286; baseline 0.001 -22"><span class='ocrx_word' id='word_1_46' title='bbox 189 1199 358 1264; x_wconf 86' lang='lat' dir='ltr'>locutione</span> <span class='ocrx_word' id='word_1_47' title='bbox 393 1199 434 1263; x_wconf 88' lang='lat' dir='ltr'>ab</span> <span class='ocrx_word' id='word_1_48' title='bbox 469 1196 644 1261; x_wconf 87' lang='lat' dir='ltr'>exordio</span> <span class='ocrx_word' id='word_1_49' title='bbox 678 1197 720 1262; x_wconf 88' lang='lat' dir='ltr'>ad</span> <span class='ocrx_word' id='word_1_50' title='bbox 745 1199 1022 1262; x_wconf 88' lang='lat' dir='ltr'>narrationem</span> <span class='ocrx_word' id='word_1_51' title='bbox 1047 1203 1204 1265; x_wconf 83' lang='lat' dir='ltr'>transitus</span> <span class='ocrx_word' id='word_1_52' title='bbox 1229 1223 1285 1286; x_wconf 87' lang='lat' dir='ltr'><em>pa·</em></span> 
     </span>
     <span class='ocr_line' id='line_1_9' title="bbox 186 1288 1285 1389; baseline 0.001 -23"><span class='ocrx_word' id='word_1_53' title='bbox 186 1311 280 1366; x_wconf 87' lang='lat' dir='ltr'>ratur</span> <span class='ocrx_word' id='word_1_54' title='bbox 302 1322 352 1386; x_wconf 88' lang='lat' dir='ltr'>ap.</span> <span class='ocrx_word' id='word_1_55' title='bbox 376 1299 510 1383; x_wconf 86' lang='lat' dir='ltr'>Antiph.</span> <span class='ocrx_word' id='word_1_56' title='bbox 533 1299 562 1371; x_wconf 90' lang='grc' dir='ltr'><em>Ι,</em></span> <span class='ocrx_word' id='word_1_57' title='bbox 591 1298 626 1361; x_wconf 87' lang='lat' dir='ltr'><em>l3</em></span> <span class='ocrx_word' id='word_1_58' title='bbox 648 1297 841 1382; x_wconf 75' lang='grc' dir='ltr'><em>ταῦταμὲν</em></span> <span class='ocrx_word' id='word_1_59' title='bbox 863 1288 933 1363; x_wconf 77' lang='grc' dir='ltr'><em>οὖν</em></span> <span class='ocrx_word' id='word_1_60' title='bbox 953 1304 1050 1384; x_wconf 82' lang='grc' dir='ltr'><em>μέχρι</em></span> <span class='ocrx_word' id='word_1_61' title='bbox 1065 1302 1194 1385; x_wconf 78' lang='grc' dir='ltr'><em>τούτου·</em></span> <span class='ocrx_word' id='word_1_62' title='bbox 1206 1300 1285 1389; x_wconf 79' lang='grc' dir='ltr'><em>περὶ</em></span> 
     </span>
     <span class='ocr_line' id='line_1_10' title="bbox 189 1397 1285 1491; baseline 0 -24"><span class='ocrx_word' id='word_1_63' title='bbox 189 1401 231 1468; x_wconf 76' lang='grc' dir='ltr'><em>δὲ</em></span> <span class='ocrx_word' id='word_1_64' title='bbox 262 1403 327 1466; x_wconf 85' lang='grc' dir='ltr'><em>τών</em></span> <span class='ocrx_word' id='word_1_65' title='bbox 350 1405 531 1483; x_wconf 72' lang='grc' dir='ltr'><em>γενομένων</em></span> <span class='ocrx_word' id='word_1_66' title='bbox 552 1397 755 1485; x_wconf 79' lang='grc' dir='ltr'><em>πειράσομαι</em></span> <span class='ocrx_word' id='word_1_67' title='bbox 776 1397 856 1477; x_wconf 71' lang='grc' dir='ltr'><em>όμδν</em></span> <span class='ocrx_word' id='word_1_68' title='bbox 876 1401 1104 1491; x_wconf 69' lang='grc' dir='ltr'><em>διηγήσασθαι</em></span> <span class='ocrx_word' id='word_1_69' title='bbox 1125 1403 1186 1491; x_wconf 79' lang='grc' dir='ltr'><em>τὴν</em></span> <span class='ocrx_word' id='word_1_70' title='bbox 1208 1399 1285 1490; x_wconf 81' lang='grc' dir='ltr'><strong><em>ἀλή-</em></strong></span> 
     </span>
     <span class='ocr_line' id='line_1_11' title="bbox 184 1500 1284 1592; baseline 0.003 -23"><span class='ocrx_word' id='word_1_71' title='bbox 184 1503 329 1569; x_wconf 57' lang='lat' dir='ltr'>armat.</span> <span class='ocrx_word' id='word_1_72' title='bbox 340 1540 373 1552; x_wconf 92' lang='lat'>-</span> <span class='ocrx_word' id='word_1_73' title='bbox 385 1507 413 1568; x_wconf 83' lang='lat' dir='ltr'>A</span> <span class='ocrx_word' id='word_1_74' title='bbox 426 1500 639 1586; x_wconf 81' lang='grc' dir='ltr'><em>βεβαιώσει</em></span> <span class='ocrx_word' id='word_1_75' title='bbox 650 1500 678 1540; x_wconf 81' lang='lat'><em>⁸⁸</em></span> <span class='ocrx_word' id='word_1_76' title='bbox 690 1501 732 1564; x_wconf 91' lang='lat' dir='ltr'>ad</span> <span class='ocrx_word' id='word_1_77' title='bbox 748 1502 1063 1592; x_wconf 79' lang='grc' dir='ltr'><em>προκατάληψιν</em></span> <span class='ocrx_word' id='word_1_78' title='bbox 1081 1504 1214 1589; x_wconf 87' lang='lat' dir='ltr'>Antiph.</span> <span class='ocrx_word' id='word_1_79' title='bbox 1228 1504 1284 1572; x_wconf 85' lang='lat' dir='ltr'><em>IV.</em></span> 
     </span>
     <span class='ocr_line' id='line_1_12' title="bbox 186 1591 1286 1691; baseline -0.001 -21"><span class='ocrx_word' id='word_1_80' title='bbox 186 1610 217 1690; x_wconf 89' lang='grc' dir='ltr'><em>β,</em></span> <span class='ocrx_word' id='word_1_81' title='bbox 251 1606 271 1670; x_wconf 87' lang='grc'>7</span> <span class='ocrx_word' id='word_1_82' title='bbox 308 1602 349 1677; x_wconf 80' lang='grc' dir='ltr'><em>ὥς</em></span> <span class='ocrx_word' id='word_1_83' title='bbox 385 1602 456 1687; x_wconf 79' lang='grc' dir='ltr'><em>μὲν</em></span> <span class='ocrx_word' id='word_1_84' title='bbox 488 1591 558 1666; x_wconf 80' lang='grc' dir='ltr'><em>οὖν</em></span> <span class='ocrx_word' id='word_1_85' title='bbox 586 1595 626 1664; x_wconf 76' lang='grc' dir='ltr'><em>οὕ</em></span> <span class='ocrx_word' id='word_1_86' title='bbox 647 1602 780 1675; x_wconf 81' lang='grc' dir='ltr'><strong><em>δικαίως</em></strong></span> <span class='ocrx_word' id='word_1_87' title='bbox 801 1607 1043 1691; x_wconf 79' lang='grc' dir='ltr'><em>κατηγοροῦμαι</em></span> <span class='ocrx_word' id='word_1_88' title='bbox 1065 1605 1286 1670; x_wconf 76' lang='grc' dir='ltr'><em>ἐπιδέδεικταί</em></span> 
     </span>
     <span class='ocr_line' id='line_1_13' title="bbox 186 1703 1282 1789; baseline -0.001 -17"><span class='ocrx_word' id='word_1_89' title='bbox 186 1727 253 1789; x_wconf 85' lang='grc' dir='ltr'><em>μοι·</em></span> <span class='ocrx_word' id='word_1_90' title='bbox 265 1705 372 1771; x_wconf 74' lang='grc' dir='ltr'><em>ἐθέλω</em></span> <span class='ocrx_word' id='word_1_91' title='bbox 395 1703 436 1769; x_wconf 83' lang='grc' dir='ltr'><em>δὲ</em></span> <span class='ocrx_word' id='word_1_92' title='bbox 457 1703 533 1775; x_wconf 84' lang='grc' dir='ltr'><em>τοδς</em></span> <span class='ocrx_word' id='word_1_93' title='bbox 554 1703 814 1789; x_wconf 81' lang='grc' dir='ltr'><em>κατηγοροῦντάς</em></span> <span class='ocrx_word' id='word_1_94' title='bbox 834 1728 901 1787; x_wconf 89' lang='grc' dir='ltr'><em>μον</em></span> <span class='ocrx_word' id='word_1_95' title='bbox 922 1709 1027 1771; x_wconf 83' lang='grc' dir='ltr'><em>πᾶσιν</em></span> <span class='ocrx_word' id='word_1_96' title='bbox 1049 1707 1115 1771; x_wconf 97' lang='grc' dir='ltr'><strong><em>κτλ.</em></strong></span> <span class='ocrx_word' id='word_1_97' title='bbox 1129 1707 1175 1771; x_wconf 91' lang='lat' dir='ltr'><em>ld.</em></span> <span class='ocrx_word' id='word_1_98' title='bbox 1188 1707 1228 1779; x_wconf 81' lang='lat' dir='ltr'><em>V,</em></span> <span class='ocrx_word' id='word_1_99' title='bbox 1241 1709 1282 1771; x_wconf 86' lang='grc'><em>64</em></span> 
     </span>
     <span class='ocr_line' id='line_1_14' title="bbox 186 1796 1284 1895; baseline 0 -24"><span class='ocrx_word' id='word_1_100' title='bbox 186 1805 228 1880; x_wconf 68' lang='lat' dir='ltr'><em>air</em></span> <span class='ocrx_word' id='word_1_101' title='bbox 259 1805 330 1890; x_wconf 76' lang='grc' dir='ltr'><em>μὲν</em></span> <span class='ocrx_word' id='word_1_102' title='bbox 367 1796 436 1870; x_wconf 82' lang='grc' dir='ltr'><em>οόν</em></span> <span class='ocrx_word' id='word_1_103' title='bbox 469 1801 530 1870; x_wconf 73' lang='grc' dir='ltr'><em>οὐκ</em></span> <span class='ocrx_word' id='word_1_104' title='bbox 562 1800 660 1877; x_wconf 71' lang='grc' dir='ltr'><em>αὐτὸς</em></span> <span class='ocrx_word' id='word_1_105' title='bbox 693 1803 798 1878; x_wconf 82' lang='grc' dir='ltr'><em>αἴτιός</em></span> <span class='ocrx_word' id='word_1_106' title='bbox 819 1805 888 1889; x_wconf 86' lang='grc' dir='ltr'><em>εἰμι</em></span> <span class='ocrx_word' id='word_1_107' title='bbox 915 1809 974 1872; x_wconf 82' lang='grc' dir='ltr'><em>τοῦ</em></span> <span class='ocrx_word' id='word_1_108' title='bbox 996 1807 1186 1895; x_wconf 79' lang='grc' dir='ltr'><em>πράγματος</em></span> <span class='ocrx_word' id='word_1_109' title='bbox 1207 1803 1284 1872; x_wconf 74' lang='grc' dir='ltr'><em>οὐδὲ</em></span> 
     </span>
     <span class='ocr_line' id='line_1_15' title="bbox 184 1900 1283 1992; baseline -0.002 -19"><span class='ocrx_word' id='word_1_110' title='bbox 184 1907 307 1982; x_wconf 76' lang='grc' dir='ltr'><em>ἐκεῖνος</em></span> <span class='ocrx_word' id='word_1_111' title='bbox 328 1904 557 1972; x_wconf 77' lang='grc' dir='ltr'><em>ἀποδέδεικται</em></span> <span class='ocrx_word' id='word_1_112' title='bbox 586 1901 666 1970; x_wconf 74' lang='grc' dir='ltr'><em>καθ’</em></span> <span class='ocrx_word' id='word_1_113' title='bbox 688 1900 768 1971; x_wconf 81' lang='grc' dir='ltr'><em>ὅσον</em></span> <span class='ocrx_word' id='word_1_114' title='bbox 790 1907 853 1989; x_wconf 77' lang='grc' dir='ltr'><em>ἐγώ</em></span> <span class='ocrx_word' id='word_1_115' title='bbox 874 1909 1015 1992; x_wconf 78' lang='grc' dir='ltr'><em>δύναμαι</em></span> <span class='ocrx_word' id='word_1_116' title='bbox 1036 1909 1187 1992; x_wconf 83' lang='grc' dir='ltr'><em>μα’λιστα·</em></span> <span class='ocrx_word' id='word_1_117' title='bbox 1209 1907 1283 1972; x_wconf 84' lang='grc' dir='ltr'><em>τοώ-</em></span> 
     </span>
     <span class='ocr_line' id='line_1_16' title="bbox 184 2007 1282 2096; baseline -0.002 -21"><span class='ocrx_word' id='word_1_118' title='bbox 184 2033 229 2094; x_wconf 80' lang='grc' dir='ltr'><em>τῳ</em></span> <span class='ocrx_word' id='word_1_119' title='bbox 266 2009 307 2075; x_wconf 76' lang='grc' dir='ltr'><em>δὲ</em></span> <span class='ocrx_word' id='word_1_120' title='bbox 341 2012 480 2096; x_wconf 84' lang='grc' dir='ltr'><em>χρώνται</em></span> <span class='ocrx_word' id='word_1_121' title='bbox 515 2008 660 2091; x_wconf 80' lang='grc' dir='ltr'><strong><em>πλείστῳ</em></strong></span> <span class='ocrx_word' id='word_1_122' title='bbox 682 2007 768 2092; x_wconf 81' lang='grc' dir='ltr'><em>λόγῳ</em></span> <span class='ocrx_word' id='word_1_123' title='bbox 796 2010 862 2074; x_wconf 89' lang='grc' dir='ltr'><strong><em>κτλ.</em></strong></span> <span class='ocrx_word' id='word_1_124' title='bbox 887 2047 927 2060; x_wconf 90' lang='lat'><em>-</em></span> <span class='ocrx_word' id='word_1_125' title='bbox 951 2014 979 2076; x_wconf 84' lang='lat' dir='ltr'>A</span> <span class='ocrx_word' id='word_1_126' title='bbox 1003 2009 1216 2096; x_wconf 80' lang='grc' dir='ltr'><em>βεβαιώσει</em></span> <span class='ocrx_word' id='word_1_127' title='bbox 1239 2009 1282 2073; x_wconf 88' lang='lat' dir='ltr'>ad</span> 
     </span>
     <span class='ocr_line' id='line_1_17' title="bbox 185 2102 1283 2194; baseline -0.002 -19"><span class='ocrx_word' id='word_1_128' title='bbox 185 2110 368 2189; x_wconf 70' lang='grc' dir='ltr'><em>ἐξέτασιν</em></span> <span class='ocrx_word' id='word_1_129' title='bbox 401 2109 536 2194; x_wconf 83' lang='lat' dir='ltr'>Antiph.</span> <span class='ocrx_word' id='word_1_130' title='bbox 559 2107 622 2183; x_wconf 86' lang='lat' dir='ltr'><em>Vl,</em></span> <span class='ocrx_word' id='word_1_131' title='bbox 645 2110 687 2174; x_wconf 84' lang='lat'><em>33</em></span> <span class='ocrx_word' id='word_1_132' title='bbox 706 2108 874 2192; x_wconf 83' lang='grc' dir='ltr'><em>Ἦγοῦμαι</em></span> <span class='ocrx_word' id='word_1_133' title='bbox 896 2111 968 2193; x_wconf 84' lang='grc' dir='ltr'><em>μὲν</em></span> <span class='ocrx_word' id='word_1_134' title='bbox 990 2102 1061 2177; x_wconf 80' lang='grc' dir='ltr'><em>οὖν</em></span> <span class='ocrx_word' id='word_1_135' title='bbox 1083 2110 1138 2175; x_wconf 83' lang='grc' dir='ltr'><em>καὶ</em></span> <span class='ocrx_word' id='word_1_136' title='bbox 1160 2110 1197 2174; x_wconf 80' lang='grc' dir='ltr'><em>ἐκ</em></span> <span class='ocrx_word' id='word_1_137' title='bbox 1218 2113 1283 2174; x_wconf 87' lang='grc' dir='ltr'><em>τών</em></span> 
     </span>
     <span class='ocr_line' id='line_1_18' title="bbox 183 2203 1282 2301; baseline -0.002 -24"><span class='ocrx_word' id='word_1_138' title='bbox 183 2211 365 2301; x_wconf 78' lang='grc' dir='ltr'><em>εἰρημένων</em></span> <span class='ocrx_word' id='word_1_139' title='bbox 388 2209 443 2275; x_wconf 85' lang='grc' dir='ltr'><em>καὶ</em></span> <span class='ocrx_word' id='word_1_140' title='bbox 477 2206 776 2292; x_wconf 75' lang='grc' dir='ltr'><em>ἀποδεδειγμένων,</em></span> <span class='ocrx_word' id='word_1_141' title='bbox 800 2203 826 2275; x_wconf 90' lang='grc' dir='ltr'><em>ώ</em></span> <span class='ocrx_word' id='word_1_142' title='bbox 848 2210 977 2299; x_wconf 82' lang='grc' dir='ltr'><em>ἄνδρες,</em></span> <span class='ocrx_word' id='word_1_143' title='bbox 1000 2215 1133 2285; x_wconf 84' lang='grc' dir='ltr'><em>δικαίως</em></span> <span class='ocrx_word' id='word_1_144' title='bbox 1155 2210 1196 2278; x_wconf 81' lang='grc' dir='ltr'><em>ἄν</em></span> <span class='ocrx_word' id='word_1_145' title='bbox 1216 2233 1282 2295; x_wconf 86' lang='grc' dir='ltr'><em>μον</em></span> 
     </span>
     <span class='ocr_line' id='line_1_19' title="bbox 185 2308 1282 2401; baseline -0.001 -23"><span class='ocrx_word' id='word_1_146' title='bbox 185 2309 481 2401; x_wconf 76' lang='grc' dir='ltr'><em>ἀποψηφίσασθαι</em></span> <span class='ocrx_word' id='word_1_147' title='bbox 503 2310 587 2393; x_wconf 81' lang='grc' dir='ltr'><em>ὑμᾶς</em></span> <span class='ocrx_word' id='word_1_148' title='bbox 609 2312 663 2377; x_wconf 82' lang='grc' dir='ltr'><em>καὶ</em></span> <span class='ocrx_word' id='word_1_149' title='bbox 681 2314 886 2379; x_wconf 75' lang='grc' dir='ltr'><em>ἐπίστασθαι</em></span> <span class='ocrx_word' id='word_1_150' title='bbox 898 2308 1044 2388; x_wconf 77' lang='grc' dir='ltr'><em>ἅπαντας</em></span> <span class='ocrx_word' id='word_1_151' title='bbox 1055 2308 1106 2379; x_wconf 83' lang='grc' dir='ltr'><em>ὅτι</em></span> <span class='ocrx_word' id='word_1_152' title='bbox 1118 2311 1214 2380; x_wconf 72' lang='grc' dir='ltr'><em>οὐδέν</em></span> <span class='ocrx_word' id='word_1_153' title='bbox 1224 2336 1282 2395; x_wconf 94' lang='grc' dir='ltr'><em>μοι</em></span> 
     </span>
     <span class='ocr_line' id='line_1_20' title="bbox 183 2410 1284 2504; baseline 0.002 -25"><span class='ocrx_word' id='word_1_154' title='bbox 183 2413 348 2502; x_wconf 77' lang='grc' dir='ltr'><em>προσήκει</em></span> <span class='ocrx_word' id='word_1_155' title='bbox 370 2415 429 2501; x_wconf 79' lang='grc' dir='ltr'><em>τῆς</em></span> <span class='ocrx_word' id='word_1_156' title='bbox 450 2411 556 2486; x_wconf 80' lang='grc' dir='ltr'><em>αἰτίας</em></span> <span class='ocrx_word' id='word_1_157' title='bbox 576 2412 704 2501; x_wconf 82' lang='grc' dir='ltr'><em>ταύτης·</em></span> <span class='ocrx_word' id='word_1_158' title='bbox 729 2417 781 2479; x_wconf 86' lang='grc' dir='ltr'><em>λ’να</em></span> <span class='ocrx_word' id='word_1_159' title='bbox 803 2413 833 2480; x_wconf 77' lang='grc' dir='ltr'><em>δ’</em></span> <span class='ocrx_word' id='word_1_160' title='bbox 843 2418 892 2480; x_wconf 84' lang='grc' dir='ltr'><em>ἔτι</em></span> <span class='ocrx_word' id='word_1_161' title='bbox 914 2414 969 2481; x_wconf 79' lang='grc' dir='ltr'><em>καὶ</em></span> <span class='ocrx_word' id='word_1_162' title='bbox 994 2413 1129 2499; x_wconf 77' lang='grc' dir='ltr'><em>ἄμεινον</em></span> <span class='ocrx_word' id='word_1_163' title='bbox 1149 2410 1284 2504; x_wconf 72' lang='grc' dir='ltr'><em>μάθητει</em></span> 
     </span>
     <span class='ocr_line' id='line_1_21' title="bbox 184 2513 1283 2603; baseline -0.001 -23"><span class='ocrx_word' id='word_1_164' title='bbox 184 2517 252 2580; x_wconf 86' lang='grc' dir='ltr'><strong><em>κτλ.</em></strong></span> <span class='ocrx_word' id='word_1_165' title='bbox 270 2517 347 2579; x_wconf 79' lang='grc' dir='ltr'><em>-Α</em></span> <span class='ocrx_word' id='word_1_166' title='bbox 371 2513 587 2599; x_wconf 80' lang='grc' dir='ltr'><em>βεβαιώσει</em></span> <span class='ocrx_word' id='word_1_167' title='bbox 610 2513 652 2577; x_wconf 88' lang='lat' dir='ltr'>ad</span> <span class='ocrx_word' id='word_1_168' title='bbox 686 2513 877 2597; x_wconf 76' lang='grc' dir='ltr'><em>ἐπίλογον</em></span> <span class='ocrx_word' id='word_1_169' title='bbox 900 2519 1033 2603; x_wconf 88' lang='lat' dir='ltr'>Antiph.</span> <span class='ocrx_word' id='word_1_170' title='bbox 1056 2519 1113 2591; x_wconf 82' lang='lat' dir='ltr'><em>lV,</em></span> <span class='ocrx_word' id='word_1_171' title='bbox 1139 2520 1174 2596; x_wconf 95' lang='grc' dir='ltr'><em>δ,</em></span> <span class='ocrx_word' id='word_1_172' title='bbox 1197 2519 1217 2583; x_wconf 88' lang='grc'>9</span> <span class='ocrx_word' id='word_1_173' title='bbox 1240 2513 1283 2591; x_wconf 73' lang='grc' dir='ltr'><em>εἶς’</em></span> 
     </span>
     <span class='ocr_line' id='line_1_22' title="bbox 180 2605 1283 2705; baseline 0 -23"><span class='ocrx_word' id='word_1_174' title='bbox 180 2616 254 2700; x_wconf 82' lang='grc' dir='ltr'><em>μὲν</em></span> <span class='ocrx_word' id='word_1_175' title='bbox 277 2605 349 2682; x_wconf 73' lang='grc' dir='ltr'><em>οὖν</em></span> <span class='ocrx_word' id='word_1_176' title='bbox 376 2612 486 2680; x_wconf 81' lang='grc' dir='ltr'><em>ον’δενὶ</em></span> <span class='ocrx_word' id='word_1_177' title='bbox 508 2616 622 2696; x_wconf 82' lang='grc' dir='ltr'><em>ἔνοχος</em></span> <span class='ocrx_word' id='word_1_178' title='bbox 642 2618 707 2680; x_wconf 84' lang='grc' dir='ltr'><em>τών</em></span> <span class='ocrx_word' id='word_1_179' title='bbox 729 2623 1019 2705; x_wconf 78' lang='grc' dir='ltr'><em>κατηγορουμένων</em></span> <span class='ocrx_word' id='word_1_180' title='bbox 1042 2618 1059 2684; x_wconf 86' lang='grc' dir='ltr'><strong>ὁ</strong></span> <span class='ocrx_word' id='word_1_181' title='bbox 1082 2616 1283 2699; x_wconf 78' lang='grc' dir='ltr'><em>διωκόμενός</em></span> 
     </span>
    </p>

    <p class='ocr_par' dir='ltr' id='par_1_3' title="bbox 180 2786 1283 3281">
     <span class='ocr_line' id='line_1_23' title="bbox 250 2786 1281 2859; baseline 0.001 -20"><span class='ocrx_word' id='word_1_182' title='bbox 250 2788 284 2840; x_wconf 87' lang='grc'><em>87</em></span> <span class='ocrx_word' id='word_1_183' title='bbox 320 2791 371 2858; x_wconf 81' lang='lat' dir='ltr'><em>Ap.</em></span> <span class='ocrx_word' id='word_1_184' title='bbox 390 2788 499 2857; x_wconf 77' lang='lat' dir='ltr'>Antiph.</span> <span class='ocrx_word' id='word_1_185' title='bbox 519 2805 557 2840; x_wconf 89' lang='lat' dir='ltr'>or.</span> <span class='ocrx_word' id='word_1_186' title='bbox 576 2786 602 2838; x_wconf 95' lang='lat' dir='ltr'>V</span> <span class='ocrx_word' id='word_1_187' title='bbox 621 2789 712 2840; x_wconf 87' lang='lat' dir='ltr'>atatim</span> <span class='ocrx_word' id='word_1_188' title='bbox 732 2801 797 2859; x_wconf 84' lang='lat' dir='ltr'>post</span> <span class='ocrx_word' id='word_1_189' title='bbox 815 2792 946 2858; x_wconf 87' lang='lat' dir='ltr'>prooemii</span> <span class='ocrx_word' id='word_1_190' title='bbox 967 2789 1107 2859; x_wconf 74' lang='grc' dir='ltr'><em>πρόθεσιν</em></span> <span class='ocrx_word' id='word_1_191' title='bbox 1125 2791 1151 2859; x_wconf 69' lang='grc' dir='ltr'><em>(ξ</em></span> <span class='ocrx_word' id='word_1_192' title='bbox 1173 2787 1216 2855; x_wconf 85' lang='grc'><em>19)</em></span> <span class='ocrx_word' id='word_1_193' title='bbox 1236 2806 1281 2841; x_wconf 85' lang='lat' dir='ltr'>ae·</span> 
     </span>
     <span class='ocr_line' id='line_1_24' title="bbox 181 2867 1283 2945; baseline -0.002 -19"><span class='ocrx_word' id='word_1_194' title='bbox 181 2874 271 2945; x_wconf 88' lang='lat' dir='ltr'>quitur</span> <span class='ocrx_word' id='word_1_195' title='bbox 288 2874 404 2926; x_wconf 85' lang='lat' dir='ltr'>narratio</span> <span class='ocrx_word' id='word_1_196' title='bbox 424 2889 472 2941; x_wconf 89' lang='lat' dir='ltr'><em>per</em></span> <span class='ocrx_word' id='word_1_197' title='bbox 490 2867 522 2923; x_wconf 74' lang='lat' dir='ltr'><em>tr</em></span> <span class='ocrx_word' id='word_1_198' title='bbox 540 2873 696 2941; x_wconf 82' lang='lat' dir='ltr'>particulam</span> <span class='ocrx_word' id='word_1_199' title='bbox 715 2873 831 2925; x_wconf 87' lang='lat' dir='ltr'>indicata</span> <span class='ocrx_word' id='word_1_200' title='bbox 858 2872 928 2939; x_wconf 71' lang='lat'><em>§⁶20</em></span> <span class='ocrx_word' id='word_1_201' title='bbox 944 2872 997 2943; x_wconf 76' lang='grc' dir='ltr'><em>ἐγώ</em></span> <span class='ocrx_word' id='word_1_202' title='bbox 1016 2870 1034 2925; x_wconf 90' lang='grc' dir='ltr'><em>δ</em></span> <span class='ocrx_word' id='word_1_203' title='bbox 1039 2875 1051 2926; x_wconf 74' lang='grc' dir='ltr'><strong><em>ὲ</em></strong></span> <span class='ocrx_word' id='word_1_204' title='bbox 1066 2876 1116 2926; x_wconf 82' lang='grc' dir='ltr'><em>τὸν</em></span> <span class='ocrx_word' id='word_1_205' title='bbox 1132 2874 1185 2940; x_wconf 78' lang='grc' dir='ltr'><em>μὲν</em></span> <span class='ocrx_word' id='word_1_206' title='bbox 1197 2869 1283 2924; x_wconf 81' lang='grc' dir='ltr'><em>πλοῦν</em></span> 
     </span>
     <span class='ocr_line' id='line_1_25' title="bbox 180 2954 1283 3029; baseline -0.003 -18"><span class='ocrx_word' id='word_1_207' title='bbox 180 2954 238 3011; x_wconf 77' lang='grc' dir='ltr'><strong><em>κτλ.</em></strong></span> <span class='ocrx_word' id='word_1_208' title='bbox 273 2958 303 3011; x_wconf 90' lang='lat' dir='ltr'><em>lu</em></span> <span class='ocrx_word' id='word_1_209' title='bbox 323 2957 370 3020; x_wconf 90' lang='lat' dir='ltr'><em>Vl,</em></span> <span class='ocrx_word' id='word_1_210' title='bbox 393 2957 424 3008; x_wconf 87' lang='lat'><em>10</em></span> <span class='ocrx_word' id='word_1_211' title='bbox 443 2957 531 3008; x_wconf 84' lang='lat' dir='ltr'>brevis</span> <span class='ocrx_word' id='word_1_212' title='bbox 551 2958 735 3027; x_wconf 79' lang='lat' dir='ltr'>recapitulatio</span> <span class='ocrx_word' id='word_1_213' title='bbox 756 2959 921 3029; x_wconf 71' lang='grc' dir='ltr'><em>προθέσεων</em></span> <span class='ocrx_word' id='word_1_214' title='bbox 939 2960 1116 3010; x_wconf 80' lang='lat' dir='ltr'>narrationem</span> <span class='ocrx_word' id='word_1_215' title='bbox 1143 2959 1283 3027; x_wconf 79' lang='lat' dir='ltr'>praemunit</span> 
     </span>
     <span class='ocr_line' id='line_1_26' title="bbox 180 3036 1282 3114; baseline -0.005 -18"><span class='ocrx_word' id='word_1_216' title='bbox 180 3039 304 3114; x_wconf 72' lang='grc' dir='ltr'><em>ἔρξομοι</em></span> <span class='ocrx_word' id='word_1_217' title='bbox 329 3038 359 3095; x_wconf 75' lang='grc' dir='ltr'><em>δὲ</em></span> <span class='ocrx_word' id='word_1_218' title='bbox 388 3039 524 3094; x_wconf 76' lang='grc' dir='ltr'><em>ἐντεῦθεν.</em></span> <span class='ocrx_word' id='word_1_219' title='bbox 570 3039 696 3094; x_wconf 86' lang='lat' dir='ltr'>Similiter</span> <span class='ocrx_word' id='word_1_220' title='bbox 715 3041 881 3112; x_wconf 84' lang='lat' dir='ltr'>ap.·Andoo.</span> <span class='ocrx_word' id='word_1_221' title='bbox 899 3041 925 3105; x_wconf 82' lang='lat' dir='ltr'><em>l,</em></span> <span class='ocrx_word' id='word_1_222' title='bbox 944 3039 1092 3094; x_wconf 62' lang='lat' dir='ltr'>rotate</span> <span class='ocrx_word' id='word_1_223' title='bbox 1120 3037 1209 3107; x_wconf 70' lang='grc' dir='ltr'><em>ὑμᾶς</em></span> <span class='ocrx_word' id='word_1_224' title='bbox 1232 3036 1282 3091; x_wconf 84' lang='grc' dir='ltr'><em>δι-</em></span> 
     </span>
     <span class='ocr_line' id='line_1_27' title="bbox 180 3116 1283 3196; baseline -0.005 -16"><span class='ocrx_word' id='word_1_225' title='bbox 180 3122 199 3180; x_wconf 86' lang='grc' dir='ltr'><em>δ</em></span> <span class='ocrx_word' id='word_1_226' title='bbox 204 3122 282 3187; x_wconf 77' lang='grc' dir='ltr'><em>όξω.</em></span> <span class='ocrx_word' id='word_1_227' title='bbox 312 3116 363 3177; x_wconf 84' lang='grc' dir='ltr'><em>Ἠν</em></span> <span class='ocrx_word' id='word_1_228' title='bbox 381 3125 433 3192; x_wconf 76' lang='grc' dir='ltr'><em>μὲν</em></span> <span class='ocrx_word' id='word_1_229' title='bbox 450 3129 501 3196; x_wconf 76' lang='grc' dir='ltr'><em>γὰρ</em></span> <span class='ocrx_word' id='word_1_230' title='bbox 525 3122 652 3192; x_wconf 76' lang='grc' dir='ltr'><em>ἐκκλησία</em></span> <span class='ocrx_word' id='word_1_231' title='bbox 668 3123 724 3179; x_wconf 86' lang='grc' dir='ltr'><strong><em>κτλ.</em></strong></span> <span class='ocrx_word' id='word_1_232' title='bbox 745 3129 810 3193; x_wconf 80' lang='lat' dir='ltr'>(init.</span> <span class='ocrx_word' id='word_1_233' title='bbox 828 3130 917 3196; x_wconf 83' lang='lat' dir='ltr'>narn).</span> <span class='ocrx_word' id='word_1_234' title='bbox 953 3127 992 3181; x_wconf 78' lang='lat' dir='ltr'><em>Cf.</em></span> <span class='ocrx_word' id='word_1_235' title='bbox 1010 3127 1075 3193; x_wconf 71' lang='lat' dir='ltr'>ib.§</span> <span class='ocrx_word' id='word_1_236' title='bbox 1095 3128 1129 3180; x_wconf 78' lang='lat' dir='ltr'><em>at</em></span> <span class='ocrx_word' id='word_1_237' title='bbox 1148 3127 1218 3196; x_wconf 68' lang='grc' dir='ltr'><em>φέρε</em></span> <span class='ocrx_word' id='word_1_238' title='bbox 1235 3119 1283 3190; x_wconf 72' lang='grc' dir='ltr'><em>δη,</em></span> 
     </span>
     <span class='ocr_line' id='line_1_28' title="bbox 180 3201 708 3281; baseline 0.006 -19"><span class='ocrx_word' id='word_1_239' title='bbox 180 3201 203 3262; x_wconf 83' lang='grc' dir='ltr'><em>ώ</em></span> <span class='ocrx_word' id='word_1_240' title='bbox 222 3206 330 3281; x_wconf 69' lang='grc' dir='ltr'><em>ἄνδρες,</em></span> <span class='ocrx_word' id='word_1_241' title='bbox 349 3213 420 3278; x_wconf 76' lang='grc' dir='ltr'><em>μετὰ</em></span> <span class='ocrx_word' id='word_1_242' title='bbox 436 3210 522 3262; x_wconf 74' lang='grc' dir='ltr'><em>ταῦτα</em></span> <span class='ocrx_word' id='word_1_243' title='bbox 540 3211 569 3261; x_wconf 80' lang='grc' dir='ltr'><em>τί</em></span> <span class='ocrx_word' id='word_1_244' title='bbox 586 3207 708 3281; x_wconf 67' lang='grc' dir='ltr'><em>ἐγένετο,</em></span> 
     </span>
    </p>

    <p class='ocr_par' dir='ltr' id='par_1_4' title="bbox 177 3288 1285 4219">
     <span class='ocr_line' id='line_1_29' title="bbox 248 3288 1283 3367; baseline -0.003 -18"><span class='ocrx_word' id='word_1_245' title='bbox 248 3294 283 3349; x_wconf 84' lang='grc'><em>88</em></span> <span class='ocrx_word' id='word_1_246' title='bbox 319 3295 425 3349; x_wconf 80' lang='lat' dir='ltr'>Eodem</span> <span class='ocrx_word' id='word_1_247' title='bbox 454 3296 581 3366; x_wconf 88' lang='lat' dir='ltr'>loquendi</span> <span class='ocrx_word' id='word_1_248' title='bbox 608 3299 691 3351; x_wconf 90' lang='lat' dir='ltr'>modo</span> <span class='ocrx_word' id='word_1_249' title='bbox 710 3298 782 3367; x_wconf 79' lang='grc' dir='ltr'><em>(μὲν</em></span> <span class='ocrx_word' id='word_1_250' title='bbox 799 3288 858 3350; x_wconf 72' lang='grc' dir='ltr'><em>οὖν</em></span> <span class='ocrx_word' id='word_1_251' title='bbox 877 3329 906 3338; x_wconf 88' lang='grc'>-</span> <span class='ocrx_word' id='word_1_252' title='bbox 928 3293 976 3363; x_wconf 75' lang='grc' dir='ltr'><em>δέ)</em></span> <span class='ocrx_word' id='word_1_253' title='bbox 993 3297 1042 3350; x_wconf 84' lang='lat' dir='ltr'><em>aed</em></span> <span class='ocrx_word' id='word_1_254' title='bbox 1071 3314 1125 3350; x_wconf 90' lang='lat' dir='ltr'>aon</span> <span class='ocrx_word' id='word_1_255' title='bbox 1144 3294 1238 3349; x_wconf 87' lang='lat' dir='ltr'>eadem</span> <span class='ocrx_word' id='word_1_256' title='bbox 1258 3295 1283 3346; x_wconf 87' lang='lat' dir='ltr'>vi</span> 
     </span>
     <span class='ocr_line' id='line_1_30' title="bbox 178 3378 1283 3454; baseline -0.002 -20"><span class='ocrx_word' id='word_1_257' title='bbox 178 3388 207 3434; x_wconf 90' lang='lat' dir='ltr'><em>et</em></span> <span class='ocrx_word' id='word_1_258' title='bbox 224 3381 418 3452; x_wconf 78' lang='lat' dir='ltr'>significatione</span> <span class='ocrx_word' id='word_1_259' title='bbox 444 3381 533 3432; x_wconf 82' lang='lat' dir='ltr'>aditus</span> <span class='ocrx_word' id='word_1_260' title='bbox 562 3382 595 3434; x_wconf 89' lang='lat' dir='ltr'>ad</span> <span class='ocrx_word' id='word_1_261' title='bbox 622 3378 775 3454; x_wconf 79' lang='grc' dir='ltr'><em>βεβαίωσιν</em></span> <span class='ocrx_word' id='word_1_262' title='bbox 792 3383 943 3454; x_wconf 79' lang='lat' dir='ltr'>patefactus</span> <span class='ocrx_word' id='word_1_263' title='bbox 972 3395 1015 3436; x_wconf 84' lang='lat' dir='ltr'><em>eat</em></span> <span class='ocrx_word' id='word_1_264' title='bbox 1039 3401 1080 3454; x_wconf 87' lang='lat' dir='ltr'>ap.</span> <span class='ocrx_word' id='word_1_265' title='bbox 1106 3380 1283 3452; x_wconf 66' lang='lat' dir='ltr'>Antipatri,</span> 
     </span>
     <span class='ocr_line' id='line_1_31' title="bbox 178 3457 1283 3538; baseline -0.002 -20"><span class='ocrx_word' id='word_1_266' title='bbox 178 3469 207 3535; x_wconf 86' lang='grc' dir='ltr'><em>β,</em></span> <span class='ocrx_word' id='word_1_267' title='bbox 225 3463 242 3518; x_wconf 87' lang='grc'><strong>3</strong></span> <span class='ocrx_word' id='word_1_268' title='bbox 261 3461 375 3518; x_wconf 80' lang='grc' dir='ltr'><em>ἕδόκονν</em></span> <span class='ocrx_word' id='word_1_269' title='bbox 391 3465 454 3535; x_wconf 77' lang='grc' dir='ltr'><em>μὲν</em></span> <span class='ocrx_word' id='word_1_270' title='bbox 472 3457 509 3517; x_wconf 71' lang='grc' dir='ltr'><em>οὗ</em></span> <span class='ocrx_word' id='word_1_271' title='bbox 516 3484 531 3517; x_wconf 88' lang='grc' dir='ltr'><em>ν</em></span> <span class='ocrx_word' id='word_1_272' title='bbox 548 3465 631 3538; x_wconf 72' lang='grc' dir='ltr'><em>ἔγωγε</em></span> <span class='ocrx_word' id='word_1_273' title='bbox 653 3469 739 3521; x_wconf 78' lang='grc' dir='ltr'><em>ταῦτα</em></span> <span class='ocrx_word' id='word_1_274' title='bbox 756 3464 898 3520; x_wconf 75' lang='grc' dir='ltr'><em>παιδεύων</em></span> <span class='ocrx_word' id='word_1_275' title='bbox 914 3471 964 3520; x_wconf 83' lang='grc' dir='ltr'><em>τόν</em></span> <span class='ocrx_word' id='word_1_276' title='bbox 982 3461 1044 3520; x_wconf 79' lang='grc' dir='ltr'><em>νόδν</em></span> <span class='ocrx_word' id='word_1_277' title='bbox 1059 3466 1090 3530; x_wconf 74' lang='grc' dir='ltr'><em>ἐξ</em></span> <span class='ocrx_word' id='word_1_278' title='bbox 1108 3460 1146 3520; x_wconf 88' lang='grc' dir='ltr'><em>ών</em></span> <span class='ocrx_word' id='word_1_279' title='bbox 1163 3462 1283 3533; x_wconf 79' lang='grc' dir='ltr'><em>μάλιστα</em></span> 
     </span>
     <span class='ocr_line' id='line_1_32' title="bbox 177 3548 1283 3623; baseline -0.002 -21"><span class='ocrx_word' id='word_1_280' title='bbox 177 3551 211 3602; x_wconf 82' lang='grc' dir='ltr'><em>τό</em></span> <span class='ocrx_word' id='word_1_281' title='bbox 229 3553 324 3604; x_wconf 76' lang='grc' dir='ltr'><em>κοινόν</em></span> <span class='ocrx_word' id='word_1_282' title='bbox 342 3548 499 3621; x_wconf 77' lang='grc' dir='ltr'><em>ὠφελεῖται,</em></span> <span class='ocrx_word' id='word_1_283' title='bbox 518 3549 627 3621; x_wconf 80' lang='grc' dir='ltr'><em>ἀμφοῖν</em></span> <span class='ocrx_word' id='word_1_284' title='bbox 641 3572 669 3604; x_wconf 87' lang='grc' dir='ltr'><em>τι</em></span> <span class='ocrx_word' id='word_1_285' title='bbox 688 3549 756 3621; x_wconf 78' lang='grc' dir='ltr'><em>ἡμῖν</em></span> <span class='ocrx_word' id='word_1_286' title='bbox 772 3549 879 3623; x_wconf 77' lang='grc' dir='ltr'><em>όγαθδν</em></span> <span class='ocrx_word' id='word_1_287' title='bbox 899 3550 1109 3623; x_wconf 75' lang='grc' dir='ltr'><em>ἀποβήσεσθαι·</em></span> <span class='ocrx_word' id='word_1_288' title='bbox 1130 3552 1283 3620; x_wconf 74' lang='grc' dir='ltr'><em>συμβέβηκε</em></span> 
     </span>
     <span class='ocr_line' id='line_1_33' title="bbox 182 3627 1282 3707; baseline -0.004 -19"><span class='ocrx_word' id='word_1_289' title='bbox 182 3630 220 3688; x_wconf 72' lang='grc' dir='ltr'><em>δέ</em></span> <span class='ocrx_word' id='word_1_290' title='bbox 236 3655 288 3703; x_wconf 85' lang='grc' dir='ltr'><em>μοι</em></span> <span class='ocrx_word' id='word_1_291' title='bbox 304 3634 374 3689; x_wconf 75' lang='grc' dir='ltr'><em>πολὺ</em></span> <span class='ocrx_word' id='word_1_292' title='bbox 391 3639 471 3707; x_wconf 79' lang='grc' dir='ltr'><em>παρὰ</em></span> <span class='ocrx_word' id='word_1_293' title='bbox 487 3635 598 3705; x_wconf 85' lang='grc' dir='ltr'><em>γνώμην</em></span> <span class='ocrx_word' id='word_1_294' title='bbox 615 3634 731 3690; x_wconf 87' lang='grc' dir='ltr'><em>τοότων.</em></span> <span class='ocrx_word' id='word_1_295' title='bbox 769 3639 807 3690; x_wconf 89' lang='lat' dir='ltr'><em>ld.</em></span> <span class='ocrx_word' id='word_1_296' title='bbox 825 3639 871 3700; x_wconf 87' lang='lat'>111,</span> <span class='ocrx_word' id='word_1_297' title='bbox 888 3657 913 3707; x_wconf 83' lang='grc' dir='ltr'><em>γ,</em></span> <span class='ocrx_word' id='word_1_298' title='bbox 932 3638 949 3688; x_wconf 82' lang='grc'><strong>4</strong></span> <span class='ocrx_word' id='word_1_299' title='bbox 966 3637 1006 3704; x_wconf 77' lang='lat' dir='ltr'>aqi</span> <span class='ocrx_word' id='word_1_300' title='bbox 1023 3637 1087 3703; x_wconf 74' lang='grc' dir='ltr'><em>μὲν</em></span> <span class='ocrx_word' id='word_1_301' title='bbox 1108 3627 1165 3687; x_wconf 72' lang='grc' dir='ltr'><em>οὖν</em></span> <span class='ocrx_word' id='word_1_302' title='bbox 1183 3631 1282 3700; x_wconf 76' lang='grc' dir='ltr'><em>δικαίῳ</em></span> 
     </span>
     <span class='ocr_line' id='line_1_34' title="bbox 179 3714 1283 3795; baseline 0.001 -24"><span class='ocrx_word' id='word_1_303' title='bbox 179 3717 317 3772; x_wconf 82' lang='grc' dir='ltr'><em>πιοτεόων</em></span> <span class='ocrx_word' id='word_1_304' title='bbox 342 3715 473 3789; x_wconf 87' lang='grc' dir='ltr'><em>όπερορώ</em></span> <span class='ocrx_word' id='word_1_305' title='bbox 496 3720 546 3785; x_wconf 72' lang='grc' dir='ltr'><em>τῆς</em></span> <span class='ocrx_word' id='word_1_306' title='bbox 573 3717 739 3791; x_wconf 71' lang='grc' dir='ltr'><em>ἀπολογίαν·</em></span> <span class='ocrx_word' id='word_1_307' title='bbox 768 3722 804 3795; x_wconf 83' lang='grc' dir='ltr'><em>τῇ</em></span> <span class='ocrx_word' id='word_1_308' title='bbox 826 3718 862 3775; x_wconf 76' lang='grc' dir='ltr'><em>δὲ</em></span> <span class='ocrx_word' id='word_1_309' title='bbox 888 3718 1053 3790; x_wconf 76' lang='grc' dir='ltr'><em>σκληρότητι</em></span> <span class='ocrx_word' id='word_1_310' title='bbox 1076 3721 1126 3772; x_wconf 79' lang='grc' dir='ltr'><em>τοῦ</em></span> <span class='ocrx_word' id='word_1_311' title='bbox 1149 3714 1283 3785; x_wconf 71' lang='grc' dir='ltr'><em>δείμονοε</em></span> 
     </span>
     <span class='ocr_line' id='line_1_35' title="bbox 178 3797 1283 3879; baseline 0.001 -23"><span class='ocrx_word' id='word_1_312' title='bbox 178 3799 369 3856; x_wconf 80' lang='grc' dir='ltr'><em>όπιοτώνκτλ.</em></span> <span class='ocrx_word' id='word_1_313' title='bbox 388 3802 484 3866; x_wconf 72' lang='lat' dir='ltr'>law,</span> <span class='ocrx_word' id='word_1_314' title='bbox 502 3809 530 3874; x_wconf 92' lang='grc' dir='ltr'><em>β,</em></span> <span class='ocrx_word' id='word_1_315' title='bbox 550 3806 566 3856; x_wconf 80' lang='grc'>2</span> <span class='ocrx_word' id='word_1_316' title='bbox 585 3800 664 3871; x_wconf 71' lang='grc' dir='ltr'><em>οἶμαι</em></span> <span class='ocrx_word' id='word_1_317' title='bbox 685 3805 749 3873; x_wconf 76' lang='grc' dir='ltr'><em>μὲν</em></span> <span class='ocrx_word' id='word_1_318' title='bbox 767 3797 825 3858; x_wconf 70' lang='lat' dir='ltr'>oria</span> <span class='ocrx_word' id='word_1_319' title='bbox 841 3835 853 3850; x_wconf 93' lang='lat'><em>·</em></span> <span class='ocrx_word' id='word_1_320' title='bbox 867 3835 879 3850; x_wconf 92' lang='lat'>·</span> <span class='ocrx_word' id='word_1_321' title='bbox 900 3805 961 3879; x_wconf 82' lang='grc' dir='ltr'><em>ε’ρεῖ</em></span> <span class='ocrx_word' id='word_1_322' title='bbox 980 3805 1015 3861; x_wconf 75' lang='grc' dir='ltr'><em>δὲ</em></span> <span class='ocrx_word' id='word_1_323' title='bbox 1033 3835 1045 3849; x_wconf 93' lang='lat'>-</span> <span class='ocrx_word' id='word_1_324' title='bbox 1062 3833 1088 3856; x_wconf 86' lang='lat'><em>·.</em></span> <span class='ocrx_word' id='word_1_325' title='bbox 1123 3805 1227 3856; x_wconf 81' lang='lat' dir='ltr'>Audeo.</span> <span class='ocrx_word' id='word_1_326' title='bbox 1236 3801 1283 3857; x_wconf 74' lang='lat' dir='ltr'><em>lll·</em></span> 
     </span>
     <span class='ocr_line' id='line_1_36' title="bbox 179 3881 1283 3958; baseline -0.003 -15"><span class='ocrx_word' id='word_1_327' title='bbox 179 3890 197 3943; x_wconf 77' lang='lat'>2</span> <span class='ocrx_word' id='word_1_328' title='bbox 215 3883 242 3942; x_wconf 80' lang='grc' dir='ltr'><em>ιε’</em></span> <span class='ocrx_word' id='word_1_329' title='bbox 256 3889 319 3958; x_wconf 75' lang='grc' dir='ltr'><em>μὲν</em></span> <span class='ocrx_word' id='word_1_330' title='bbox 336 3881 394 3942; x_wconf 84' lang='grc' dir='ltr'><em>οόν</em></span> <span class='ocrx_word' id='word_1_331' title='bbox 410 3885 718 3956; x_wconf 83' lang='grc' dir='ltr'><em>μηδεπώποτε--όπον</em></span> <span class='ocrx_word' id='word_1_332' title='bbox 736 3887 771 3943; x_wconf 77' lang='grc' dir='ltr'><em>δὲ</em></span> <span class='ocrx_word' id='word_1_333' title='bbox 788 3889 918 3947; x_wconf 69' lang='grc' dir='ltr'><em>πολλάκις</em></span> <span class='ocrx_word' id='word_1_334' title='bbox 933 3921 945 3936; x_wconf 92' lang='lat'><em>·</em></span> <span class='ocrx_word' id='word_1_335' title='bbox 962 3919 988 3944; x_wconf 82' lang='lat'><em>·.</em></span> <span class='ocrx_word' id='word_1_336' title='bbox 1026 3891 1070 3946; x_wconf 93' lang='lat' dir='ltr'>Or.</span> <span class='ocrx_word' id='word_1_337' title='bbox 1085 3889 1122 3944; x_wconf 93' lang='lat' dir='ltr'><em>lV</em></span> <span class='ocrx_word' id='word_1_338' title='bbox 1136 3891 1172 3956; x_wconf 75' lang='lat' dir='ltr'><em>tin</em></span> <span class='ocrx_word' id='word_1_339' title='bbox 1186 3889 1283 3953; x_wconf 82' lang='lat' dir='ltr'>Aloib.)</span> 
     </span>
     <span class='ocr_line' id='line_1_37' title="bbox 178 3965 1281 4050; baseline -0.001 -24"><span class='ocrx_word' id='word_1_340' title='bbox 178 3976 198 4040; x_wconf 64' lang='lat'>8</span> <span class='ocrx_word' id='word_1_341' title='bbox 221 3975 252 4028; x_wconf 89' lang='lat'><em>10</em></span> <span class='ocrx_word' id='word_1_342' title='bbox 268 3978 335 4046; x_wconf 74' lang='lat' dir='ltr'>napi</span> <span class='ocrx_word' id='word_1_343' title='bbox 357 3974 420 4042; x_wconf 76' lang='grc' dir='ltr'><em>μὲν</em></span> <span class='ocrx_word' id='word_1_344' title='bbox 445 3965 503 4027; x_wconf 80' lang='grc' dir='ltr'><em>τόν</em></span> <span class='ocrx_word' id='word_1_345' title='bbox 520 3976 647 4041; x_wconf 69' lang='grc' dir='ltr'><em>μοιχείαν</em></span> <span class='ocrx_word' id='word_1_346' title='bbox 664 4003 676 4018; x_wconf 89' lang='grc'>-</span> <span class='ocrx_word' id='word_1_347' title='bbox 694 4004 706 4019; x_wconf 89' lang='grc'>-</span> <span class='ocrx_word' id='word_1_348' title='bbox 723 3975 742 4028; x_wconf 72' lang='grc' dir='ltr'><em>δι’</em></span> <span class='ocrx_word' id='word_1_349' title='bbox 761 3973 796 4030; x_wconf 78' lang='grc' dir='ltr'><em>δὲ</em></span> <span class='ocrx_word' id='word_1_350' title='bbox 814 3982 881 4050; x_wconf 74' lang='grc' dir='ltr'><em>περὶ</em></span> <span class='ocrx_word' id='word_1_351' title='bbox 903 3979 953 4044; x_wconf 75' lang='grc' dir='ltr'><em>τήν</em></span> <span class='ocrx_word' id='word_1_352' title='bbox 970 3974 1053 4030; x_wconf 85' lang='grc' dir='ltr'><em>πόλιν</em></span> <span class='ocrx_word' id='word_1_353' title='bbox 1070 3979 1213 4049; x_wconf 77' lang='grc' dir='ltr'><em>εἴργασται</em></span> <span class='ocrx_word' id='word_1_354' title='bbox 1229 4005 1241 4018; x_wconf 92' lang='lat'>-</span> <span class='ocrx_word' id='word_1_355' title='bbox 1253 4005 1281 4026; x_wconf 74' lang='grc' dir='ltr'><em>ι.</em></span> 
     </span>
     <span class='ocr_line' id='line_1_38' title="bbox 179 4053 1285 4134; baseline 0.002 -21"><span class='ocrx_word' id='word_1_356' title='bbox 179 4059 210 4113; x_wconf 89' lang='lat' dir='ltr'><em>ln</em></span> <span class='ocrx_word' id='word_1_357' title='bbox 236 4059 277 4112; x_wconf 85' lang='lat' dir='ltr'>his</span> <span class='ocrx_word' id='word_1_358' title='bbox 306 4061 375 4113; x_wconf 87' lang='lat' dir='ltr'>euim</span> <span class='ocrx_word' id='word_1_359' title='bbox 403 4061 526 4113; x_wconf 85' lang='lat' dir='ltr'>onmibus</span> <span class='ocrx_word' id='word_1_360' title='bbox 555 4077 637 4113; x_wconf 86' lang='lat' dir='ltr'>voees</span> <span class='ocrx_word' id='word_1_361' title='bbox 664 4061 715 4129; x_wconf 79' lang='grc' dir='ltr'><em>μὲν</em></span> <span class='ocrx_word' id='word_1_362' title='bbox 739 4053 787 4114; x_wconf 74' lang='grc' dir='ltr'><em>οὖν</em></span> <span class='ocrx_word' id='word_1_363' title='bbox 808 4080 863 4116; x_wconf 88' lang='lat' dir='ltr'><em>non</em></span> <span class='ocrx_word' id='word_1_364' title='bbox 889 4060 1067 4134; x_wconf 80' lang='grc' dir='ltr'><em>πολιλλογλον</em></span> <span class='ocrx_word' id='word_1_365' title='bbox 1088 4063 1204 4116; x_wconf 86' lang='lat' dir='ltr'>indicant</span> <span class='ocrx_word' id='word_1_366' title='bbox 1232 4059 1285 4115; x_wconf 79' lang='lat' dir='ltr'>sed</span> 
     </span>
     <span class='ocr_line' id='line_1_39' title="bbox 181 4147 958 4219; baseline 0.005 -20"><span class='ocrx_word' id='word_1_367' title='bbox 181 4148 330 4218; x_wconf 77' lang='lat' dir='ltr'>argumenti</span> <span class='ocrx_word' id='word_1_368' title='bbox 349 4157 452 4202; x_wconf 85' lang='lat' dir='ltr'>tautum</span> <span class='ocrx_word' id='word_1_369' title='bbox 472 4147 707 4219; x_wconf 79' lang='lat' dir='ltr'>praemunitionem.</span> <span class='ocrx_word' id='word_1_370' title='bbox 745 4147 785 4201; x_wconf 79' lang='lat' dir='ltr'><em>Cf.</em></span> <span class='ocrx_word' id='word_1_371' title='bbox 805 4159 896 4204; x_wconf 86' lang='lat' dir='ltr'>annot.</span> <span class='ocrx_word' id='word_1_372' title='bbox 917 4151 958 4203; x_wconf 74' lang='lat'><em>92.</em></span> 
     </span>
    </p>
   </div>
   <div class='ocr_carea' id='block_1_3' title="bbox 0 0 1474 5026">
    <p class='ocr_par' dir='ltr' id='par_1_5' title="bbox 0 0 1474 5026">
     <span class='ocr_line' id='line_1_40' title="bbox 0 0 1474 5026; baseline 0 1"><span class='ocrx_word' id='word_1_373' title='bbox 0 0 1474 5026; x_wconf 95' lang='lat' dir='ltr'><em> </em></span> 
     </span>
    </p>
   </div>
  </div>
 </body>
</html>
