2940 5026
1121 396 1157 460 ll

107 565 173 630 illae
208 573 245 629 ut
278 564 429 629 omnibus
464 563 574 628 causis
607 563 803 628 necessariae
835 572 927 637 sunt,
960 563 1005 627 ita
1038 563 1081 628 ed
1110 585 1206 630 eccu-

108 667 254 730 sationes
289 677 323 731 et
356 664 568 730 defensiones
601 664 828 728 utilissimae⁸².
873 663 1045 729 Accedunt
1067 666 1136 732 haec
1157 667 1207 732 di·

107 767 203 832 cendi
237 769 427 854 adjumenta
459 767 610 830 omnibus
641 786 812 829 causarum
835 765 985 848 partibus
1008 769 1206 844 communia,

107 869 359 954 anteoccupatio
384 890 409 930 s.
432 867 647 951 praeceptio³³
670 865 960 952 (προκατάληψις),
994 866 1205 949 petitiones³⁴

109 969 309 1058 (αἰτήματα),
344 969 453 1033 brevis
488 967 750 1052 recapitulatio³⁵
773 967 1007 1051 (παλιλλογία),
1031 968 1108 1041 alia,
1131 989 1206 1053 quae

106 1082 214 1135 tamen
248 1094 314 1134 non
343 1070 451 1154 capita
473 1080 506 1133 et
528 1069 627 1132 sedes
651 1079 915 1153 argumentorum
938 1077 1015 1131 sunt
1038 1069 1206 1147 habenda,

106 1173 167 1237 sed
191 1194 298 1236 rerum
322 1170 589 1256 exponendarum
612 1169 727 1234 formae
751 1168 900 1253 quaedam
924 1181 955 1234 et
975 1171 1070 1254 quasi
1085 1171 1206 1236 instru-

106 1286 223 1338 menta.

194 1374 275 1439 Haec
290 1373 398 1437 omnia
414 1372 670 1438 adinventionis
686 1371 825 1436 maxime
840 1373 1005 1436 notionem
1022 1395 1205 1439 accommo-

108 1477 187 1542 data
203 1499 278 1540 esse
301 1477 342 1539 ab
365 1476 566 1539 Anaximene
589 1473 785 1538 videnturffi.
829 1474 945 1557 Neque
961 1495 1040 1538 vero
1056 1477 1138 1540 satis
1154 1489 1207 1542 est

106 1579 267 1652 invenire,
290 1577 349 1641 sed
372 1576 504 1640 inventa
526 1574 623 1638 etiam
645 1574 856 1658 disponere³⁷
872 1586 1020 1659 oportet,
1035 1578 1120 1641 utin
1136 1579 1206 1642 uni·

106 1703 147 1745 ue
170 1679 329 1744 orationis
353 1679 448 1764 quasi
471 1675 629 1762 corpua³⁸
652 1677 916 1748 coalescentes,
940 1696 1014 1758 quae
1037 1676 1079 1739 ad
1096 1677 1206 1742 dicen·

108 1781 186 1846 dum
221 1780 405 1863 excogitata
438 1789 523 1842 sunt..
569 1778 605 1841 In
640 1777 703 1841 hac
728 1800 763 1840 re
787 1776 985 1860 exponenda
1007 1777 1108 1842 multa
1131 1801 1205 1844 cum

105 1881 269 1947 industria
291 1881 509 1946 Anaximenes
534 1890 685 1943 versatus
709 1888 769 1942 est.
814 1877 946 1962 Quippe
963 1877 1033 1962 jam
1056 1881 1139 1942 enim
1162 1882 1204 1947 ab

107 1984 223 2049 ultimo
258 1982 419 2067 principio
442 1980 542 2065 hujus
565 1979 797 2065 praeceptionis
821 1981 848 2042 ei
872 1980 972 2063 parti,
995 1993 1140 2062 quaeest
1163 1981 1206 2046 de

108 2084 345 2170 dispositione,
368 2082 542 2166 plurimum
566 2080 697 2144 videtur
720 2081 876 2143 tributum
901 2100 983 2142 esse.
1022 2078 1105 2157 Quae
1121 2083 1206 2147 enim

15 2262 19 2269 ⁵
109 2185 152 2250 de
174 2186 254 2249 artis
278 2182 432 2248 oratoriae
447 2180 537 2266 apud
551 2181 687 2246 Graecos
703 2180 802 2244 initiis
819 2179 1008 2254 traduntur,
1025 2202 1077 2254 ea,
1094 2204 1207 2268 quam·

109 2308 206 2372 quam
229 2285 383 2349 videntur
404 2283 578 2347 rhetoricis
602 2281 705 2368 magis
729 2281 851 2345 decora
872 2279 993 2345 sabulis
1017 2303 1205 2369 essequam

108 2386 308 2469 incorruptis
331 2406 439 2448 rerum
461 2385 695 2458 monumentis,
718 2394 825 2446 tamen
848 2384 895 2447 rei
916 2381 1012 2447 factae
1041 2385 1205 2468 quandam

110 2487 252 2572 speciem
278 2485 512 2570 praeseferre
536 2485 754 2548 existimanda
776 2494 862 2548 sunt.
905 2485 1137 2569 Syracusanos
1160 2486 1206 2552 fe-

108 2601 185 2652 runt
208 2595 338 2651 mortuo
362 2587 521 2660 Hierone,
545 2599 685 2673 tyranno
708 2586 789 2649 satis
813 2584 952 2658 crudeli,
976 2607 1041 2649 non
1064 2588 1205 2672 amplius

109 2709 305 2773 quemquam
329 2709 465 2772 regnare
489 2709 610 2772 passos
627 2709 710 2752 esse.
735 2686 890 2752 Coracem
907 2697 1014 2750 autem
1028 2688 1205 2771 quendam,

109 2790 165 2875 qui
199 2790 276 2853 oiim
310 2788 399 2872 apud
434 2788 609 2853 Hieronem
642 2789 779 2852 muitum
803 2789 978 2861 valuisset,
999 2791 1126 2873 populo
1150 2813 1205 2856 res

108 2890 258 2975 publicas
292 2899 424 2953 tenente
456 2889 487 2952 in
522 2890 661 2954 animum
684 2889 872 2963 induxisse,
894 2900 933 2953 ut
954 2888 1068 2953 eadem
1089 2892 1122 2954 in
1146 2913 1205 2977 po·

109 3001 233 3055 starum
257 2989 346 3074 apud
369 2989 498 3073 plebem
521 3000 610 3052 esset
632 2990 752 3074 gratia,
775 3011 839 3073 qua
855 2989 943 3073 apud
961 3001 1133 3075 tyrannum
1148 3014 1205 3058 an·

179 3190 213 3242 aa
248 3191 335 3243 anax.
354 3208 379 3260 p.
402 3188 457 3251 191,
477 3187 606 3252 at-ma,
625 3191 648 3242 a.

179 3276 213 3328 33
248 3293 272 3328 s.
291 3275 455 3343 anticipatio.
491 3273 532 3327 Cf.
551 3276 636 3329 Anax.
655 3291 677 3328 c.
698 3274 737 3328 18.

180 3359 213 3411 34
249 3360 438 3413 Anax.c.19.

179 3446 211 3498 35
248 3452 325 3499 Anax
352 3462 375 3498 c.
392 3443 433 3497 20.
469 3438 510 3496 Oi.
534 3443 662 3516 Spengel.
689 3444 867 3500 Commentar.
886 3466 912 3519 p.
932 3448 991 3503 184.
1026 3449 1090 3503 Haec
1108 3447 1204 3503 παλιλ-

109 3527 189 3601 λαγία
208 3531 238 3591 fit
259 3547 307 3601 per
329 3530 558 3583 ratiocinationem
577 3526 791 3601 (διαλαγιαμόν),
817 3551 866 3604 per
883 3535 1041 3588 electionem
1060 3539 1204 3608 (προαίρε-

108 3620 170 3679 σιν),
189 3632 237 3686 per
255 3616 491 3686 interrogationem
509 3613 712 3687 (ἐπερώτηαιν),
732 3635 781 3686 per
798 3622 1023 3674 enumerationem
1046 3617 1205 3691 (ἀπολαγιαι

106 3697 181 3766 μὸν),
204 3719 253 3770 per
270 3702 380 3753 ironiam
399 3694 574 3772 (εἰρωνείαν).
609 3700 648 3753 cf.
667 3719 692 3771 p.
710 3702 771 3765 ⁶222,
789 3703 823 3754 93
841 3721 882 3775 sq.

176 3784 210 3837 36
246 3783 287 3838 Cf.
306 3783 412 3848 Quintil.
430 3785 450 3837 1.
468 3785 499 3837 Ο.
517 3784 563 3846 111,
585 3786 609 3847 3,
628 3786 652 3837 7.

176 3868 213 3920 37
247 3869 353 3923 1d.l.l.
373 3869 431 3938 §2

178 3954 212 4007 38
246 3958 334 4007 Anax.
352 3973 374 4007 c.
392 3953 437 4005 28.
455 3970 482 4023 p.
500 3951 560 4016 214,
579 3955 608 4006 4:
624 3955 676 4025 χρὴ
695 3952 804 4008 τάττειν
818 3958 882 4013 wie
899 3954 994 4029 λόγους
1013 3978 1203 4027 nouercae·

107 4033 185 4094 δῶν.
222 4039 261 4094 cf.
280 4058 306 4111 p.
324 4039 384 4104 222,
401 4038 427 4093 3.
443 4035 508 4092 wo
526 4033 597 4106 ἄλλῳ
617 4038 761 4096 συνάπτειν
777 4045 859 4115 μέρει
883 4048 931 4098 καὶ
956 4046 1130 4114 συνυφαίνειν
1152 4046 1203 4098 τὸν

105 4119 196 4193 λόγον.
234 4125 274 4178 Cf.
292 4126 359 4180 Plat.
378 4126 483 4180 Phaedr.
503 4124 561 4178 26⁴.
581 4123 609 4179 C.
